3909 5400
987 273 1102 338 utilitas
1128 276 1240 337 iunxit.
1287 273 1409 358 §ophar
1435 274 1539 359 itaque

986 406 1074 463 rnnn
1100 384 1400 471 etpcraudrdam
1427 384 1543 451 tunndz

987 494 1176 577 grrnitatcnr
1217 488 1412 568 nonhabet,
1453 489 1543 554 rnelir

990 630 1004 663 «
1031 607 1139 688 Atque
1180 604 1303 667 utinrnr
1339 602 1427 667 Deus
1451 602 1543 689 loque

987 738 1042 781 sua
1067 714 1136 794 tibi,
1175 737 1209 782 nt
1235 715 1422 782 ostenderet
1454 715 1510 781 tibi

988 852 1127 917 quoque,
1152 852 1212 916 qus
1236 853 1267 897 sc
1293 852 1387 916 snper
1411 832 1542 895 amicnrr

988 946 1177 1028 sapientiam
1205 962 1355 1010 ostentat:
1380 964 1455 1008 curn
1481 964 1537 1027 pro

989 1057 1060 1143 pler
1078 1060 1115 1121 sit
1134 1057 1183 1122 lex
1202 1061 1279 1124 cius.
1295 1058 1367 1144 (2)»
1384 1056 1473 1134 Quid
1498 1056 1540 1123 ho

989 1188 1063 1233 ritas
1086 1169 1197 1233 debet?
1223 1194 1278 1255 per
1296 1192 1389 1257 quarn
1405 1193 1531 1258 scrnper

990 1298 1074 1359 t'ttae,
1100 1280 1235 1367 qualiter
1270 1286 1300 1347 in
1325 1286 1454 1348 actione
1495 1302 1541 1347 ter

990 1386 1132 1451 veritatis
1158 1405 1238 1450 voce
1263 1384 1388 1451 dicitnr:
1417 1412 1432 1446 n
1459 1388 1530 1451 Hoc

988 1496 1091 1583 ligatis
1131 1497 1280 1563 invicem.
1308 1526 1322 1560 n
1349 1497 1404 1585 (t)
1443 1498 1491 1565 De
1517 1500 1536 1566 h

988 1612 1036 1697 gis
1059 1610 1200 1677 dilectio.
1226 1636 1242 1673 n
1268 1612 1323 1699 (ς)
1364 1615 1410 1678 De
1437 1611 1493 1679 lrtc
1518 1614 1540 1678 it

989 1740 1064 1783 nera
1089 1738 1193 1783 vestra
1221 1736 1357 1802 portate,
1381 1734 1413 1783 ct
1438 1720 1482 1783 sic
1499 1718 1536 1784 ad

989 1830 1055 1896 Lex
1079 1850 1201 1896 etennn
1228 1830 1346 1897 Christi
1386 1831 1461 1917 quid
1486 1854 1540 1897 cor

989 1963 1036 2009 tas
1059 1948 1182 2032 potest?
1207 1966 1303 2031 qnam
1329 1963 1408 2010 tnnc
1433 1968 1506 2011 vere
1532 1968 1540 2032 1

989 2082 1028 2124 ex
1053 2082 1161 2127 amore
1187 2060 1372 2126 tolcrarnus.

1057 2192 1086 2255 9.
1110 2171 1172 2239 Sed
1197 2173 1265 2238 inec
1292 2171 1403 2238 eadem
1429 2171 1479 2237 lex
1519 2196 1539 2238 n

987 2466 1014 2530 ι)
1051 2464 1155 2517 Onrncs
1174 2462 1265 2517 ¹N'orrn.
1285 2466 1418 2517 ssr'cnn'rnr.
1438 2466 1538 2519 Besstr.

987 2572 1015 2609 2·
1052 2557 1151 2611 Confer
1169 2560 1303 2612 Prterinnr
1320 2560 1352 2612 in
1389 2560 1479 2615 Iolrnr.
1499 2578 1520 2614 c.

987 2644 1012 2713 3]
1051 2646 1088 2696 lta
1107 2644 1209 2697 Gernct.
1230 2645 1288 2715 Lyr.
1309 2647 1397 2716 Bigot.
1417 2648 1488 2702 Utic.
1508 2660 1532 2702 ct
