3909 5400
861 642 1097 722 -837-

414 805 444 867 it:
470 788 959 878 aeternitatemsuccendimur,
982 800 1045 864 iarn
1071 816 1142 862 toto
1167 794 1351 861 devotionis
1375 816 1469 860 sensu
1496 793 1535 859 ad

414 912 591 993 appetitum
616 924 742 972 nostrae
769 903 1027 971 mortificationis
1049 901 1222 967 inhiamus:
1247 898 1301 964 sed
1334 900 1407 986 quia
1431 899 1536 965 adhue

414 1043 578 1087 terrenum
604 1043 676 1107 prae
702 1018 887 1085 infirmitate
923 1017 1044 1104 aliquid
1068 1018 1204 1102 agimus,
1243 1013 1399 1079 nonnulla
1437 1016 1534 1080 etiam

415 1155 494 1218 quae
519 1135 581 1198 iarn
621 1129 816 1216 subegimus,
842 1129 949 1196 illicita
984 1132 1016 1194 in
1042 1126 1139 1194 corde
1165 1125 1348 1192 toleramus.
1386 1127 1535 1214 Cumque

413 1248 629 1332 cogitationes
653 1264 777 1310 nostras
801 1243 967 1309 immunda
993 1244 1130 1307 tentatio
1169 1241 1326 1326 inquinat,
1351 1240 1427 1326 quii
1451 1240 1538 1305 aliud

416 1382 512 1445 quarn
539 1361 690 1424 intestina
729 1358 850 1423 hostiae
880 1376 1005 1422 stercus
1044 1353 1191 1442 portant?
1229 1354 1291 1419 Sed
1316 1372 1351 1417 ut
1389 1353 1536 1421 comburi

416 1463 566 1542 debeant,
591 1464 749 1540 laventur,
775 1465 849 1549 quia
873 1463 1031 1527 nimirum
1060 1481 1193 1524 necesse
1219 1477 1278 1537 est,
1303 1479 1336 1524 ut
1360 1460 1540 1527 immundas

417 1580 628 1663 cogitationes
653 1578 779 1642 timoris
804 1575 898 1641 fletus
923 1575 1036 1653 diluat,
1061 1596 1138 1660 quas
1163 1574 1193 1638 in
1231 1576 1421 1659 acceptione
1445 1577 1538 1641 sacri·

414 1689 478 1755 ficii
503 1712 661 1775 supernus
683 1711 776 1755 amor
801 1689 964 1754 incendat.

484 1798 585 1862 102Et
609 1793 764 1882 quidquid
788 1817 880 1859 meus
905 1792 1005 1879 veide
1043 1794 1210 1878 inexperto
1224 1795 1410 1873 certamine,
1423 1794 1474 1858 vel
1498 1795 1537 1859 de

418 1911 672 1975 conuersationis
696 1910 846 1994 pristinae
871 1908 1029 1973 memoria
1054 1909 1184 1994 patitur,
1221 1906 1355 1972 lavetur:
1389 1926 1424 1971 ut
1448 1928 1537 1974 tanto

416 2025 542 2088 suavius
567 2025 597 2086 in
622 2040 798 2106 conspectu
823 2024 872 2085 sui
898 2022 916 2105 (
920 2021 952 2107 r)
969 2020 1159 2106 spectatoris
1172 2018 1291 2099 ardeat,
1316 2041 1439 2107 quanto
1462 2043 1538 2087 cum

420 2140 448 2201 ei
473 2138 617 2202 assistere
643 2138 797 2221 coeperit,
823 2133 868 2199 nil
904 2152 1070 2199 terrenum
1094 2154 1215 2214 secum,
1240 2132 1285 2199 nil
1324 2132 1482 2200 lubricum
1506 2137 1539 2201 in

417 2271 470 2315 ara
498 2271 572 2314 suae
608 2250 763 2315 orationis
798 2249 948 2333 imponit.
988 2247 1045 2312 Vir
1086 2247 1182 2332 igitur
1220 2266 1348 2313 sanctus
1382 2247 1539 2325 humanae

418 2356 534 2419 mentis
558 2354 673 2420 damna
698 2355 883 2439 conspiciat,
908 2353 994 2440 quod
1018 2345 1212 2438 'pierumque
1235 2373 1266 2416 se
1284 2355 1479 2439 cogitatione
1504 2354 1540 2418 il·

417 2468 502 2533 licita
528 2468 683 2554 inquinat:
721 2489 754 2532 et
794 2484 964 2554 postquam
1000 2486 1124 2532 reatum
1160 2467 1266 2551 operis
1290 2465 1385 2531 iudex
1410 2466 1539 2546 relaxat,

418 2599 449 2645 et
473 2602 527 2645 sua
551 2579 689 2666 plorans,
715 2600 822 2646 nostra
847 2602 926 2667 quae
952 2579 1117 2666 ploremus
1150 2585 1280 2667 aperiat,
1316 2580 1437 2651 dicens:
1465 2609 1480 2644 «
1507 2585 1539 2649 Si

416 2686 556 2771 peccavi,
581 2703 612 2750 et
637 2682 675 2750 ad
700 2684 811 2751 horam
836 2687 1004 2773 pepercisti
1033 2685 1194 2764 mihitur
1212 2687 1249 2753 ab
1278 2689 1445 2775 iniquitate
1470 2713 1540 2758 mea

417 2796 574 2862 mundum
602 2821 651 2862 me
677 2820 833 2863 essenon
860 2798 1019 2882 pateri>?›>
1047 2802 1094 2862 Ac
1118 2800 1142 2862 si
1160 2821 1267 2884 aperte
1294 2800 1387 2867 dicat:
1413 2806 1444 2868 Si
1471 2804 1537 2868 cul-

419 2931 490 2994 pam
518 2913 608 2976 uenia
633 2910 775 2989 abstulit,
801 2931 857 2975 cur
883 2910 963 2976 hanc
989 2931 1021 2976 et
1045 2915 1203 2978 memoria
1227 2935 1293 2977 non
1318 2915 1476 3002 detergit?

491 3026 657 3109 1038aepe
682 3043 790 3089 autem
815 3026 859 3090 ita
891 3047 983 3090 mens
1008 3028 1038 3091 in
1055 3025 1160 3110 cuipae
1179 3029 1405 3094 recordatione
1422 3052 1542 3097 concu-

424 3136 514 3212 titur,
534 3153 566 3196 nr
590 3134 628 3199 ad
653 3138 924 3220 perpetrationem
950 3136 1033 3202 illius
1056 3136 1152 3223 longe
1176 3138 1304 3224 gravius
1321 3162 1414 3226 quam
1440 3147 1540 3230 priuS,

420 3259 513 3322 capta
541 3236 669 3316 fuerat,
712 3258 875 3324 urgeatur:
902 3259 936 3305 et
976 3242 1172 3327 deprehensa
1197 3242 1355 3330 trepidat,
1394 3268 1492 3335 seque
1518 3253 1542 3314 i-

419 3375 506 3439 psam
532 3356 626 3417 uariis
652 3352 796 3419 motibus
826 3354 960 3440 impulsa
986 3356 1161 3441 perturbat.
1187 3358 1316 3426 Metuit.
1332 3382 1350 3444 q
1366 3360 1475 3438 iidem,
1499 3386 1541 3428 ne

418 3463 564 3524 vincatur
589 3459 829 3537 tentationibus,
855 3460 911 3523 sed
937 3463 1095 3538 resistens,
1121 3463 1182 3527 hoc
1207 3467 1324 3546 ipsum,
1358 3464 1444 3552 quod
1470 3466 1541 3532 lon-

419 3585 461 3647 go
486 3562 592 3627 labore
633 3566 816 3628 certaminis
840 3561 1003 3649 affligitur,
1041 3566 1267 3650 perhorrescit.
1295 3569 1387 3634 Unde
1412 3588 1444 3635 et
1469 3591 1541 3657 apte

420 3675 633 3760 subiungitur:

864 3862 1015 3936 CAPUT
1039 3864 1123 3930 LVI.

507 4009 623 4111 Quod
653 4013 732 4091 viri
776 4014 908 4093 saneti
938 4013 980 4092 in
1010 4016 1203 4118 praesenti
1249 4017 1335 4097 rita
1365 4019 1565 4098 tentatio·

421 4229 447 4289 t)
484 4227 610 4296 Plerique,
630 4231 669 4278 rur'
689 4231 840 4299 inspecturi.
862 4231 942 4284 Corh.
963 4231 1051 4284 Germ.
1072 4233 1230 4300 rspertatoris.
