3909 5400
858 695 1094 774 -789r-

417 849 466 915 ius
492 869 609 936 corpus
632 899 642 928 ,
666 848 698 915 id
723 865 770 915 est
794 848 833 915 ad
857 871 1011 937 sequaces
1033 847 1117 915 illius
1149 847 1324 915 derivetur.
1349 850 1460 917 Potest
1485 870 1536 916 er·
1590 836 1594 845 ’

413 984 456 1046 go
496 966 630 1030 nomine
664 964 789 1050 impii,
822 961 961 1030 infidelis
984 982 1021 1029 ac
1059 978 1252 1049 perseeutor
1276 961 1418 1049 populns
1457 961 1541 1030 desi-

413 1078 514 1160 gnari,
541 1079 593 1143 cui
618 1093 649 1143 et
676 1077 740 1144 hoc
769 1078 920 1166 congruit
944 1077 1092 1157 omnino,
1116 1073 1203 1164 quod
1220 1052 1289 1142 ‘suh
1309 1075 1405 1144 ditur.

632 1260 639 1271 ’
762 1282 773 1295 “
827 1293 983 1389 eaput
1016 1270 1146 1364 xx1x.'

445 1516 565 1597 Nihil
593 1515 726 1622 magis
755 1515 941 1622 impium,
972 1498 1096 1623 quam
1125 1541 1301 1620 persona
1327 1541 1433 1623 quae
1461 1541 1531 1597 ve·

416 1648 478 1729 lut
506 1647 707 1730 formatur
735 1674 788 1729 ex
816 1648 967 1730 unione
995 1645 1148 1728 diaboli
1176 1674 1273 1728 eum
1300 1648 1469 1756 iniquia.
1505 1664 1507 1671 '

503 1870 618 1973 Quod
643 1873 785 1973 sinon
812 1872 883 1954 ille
912 1878 982 1977 est,
1010 1873 1101 1979 quis
1129 1901 1220 1980 erqo
1247 1873 1344 1957 est?

438 2100 567 2276 52&
589 2188 615 2253 si
639 2203 748 2272 aperte
773 2184 942 2252 diceretur:
967 2185 1050 2266 Quis
1063 2205 1219 2273 umquam
1247 2185 1368 2273 impius
1389 2208 1457 2254 esse
1482 2206 1539 2274 pu·
1607 2178 1611 2185 ’
1657 2216 1665 2227 ·

413 2293 528 2361 tandus
551 2289 688 2379 est,‘(1)
721 2290 748 2356 si
770 2288 822 2355 ille
846 2286 1004 2377 'populus-
1026 2291 1090 2378 ,qni
1112 2292 1217 2378 ipsam
1252 2291 1409 2377 pietatem
1432 2312 1541 2379 perse-

413 2424 534 2495 quutus
556 2422 615 2485 est,
639 2405 756 2491 impius
779 2425 846 2469 uon
870 2401 945 2470 est?
967 2401 1032 2469 Sed
1055 2400 1258 2472 considereta
1275 2405 1470 2472 aitsanctus
1486 2404 1540 2471 iu·

414 2513 513 2579 dnicae
537 2509 638 2596 piebis
661 2507 804 2596 perfidia,
821 2508 860 2595 ad
883 2509 1093 2594 semetipsum
1119 2509 1237 2576 mentis
1260 2508 1374 2575 oculos
1397 2526 1540 2577 revocat:

414 2616 502 2684 dotet
532 2615 619 2705 quod
657 2612 768 2681 videte
792 2629 942 2702 nequeat,
978 2635 1076 2700 quem
1110 2631 1206 2681 amat:
1231 2634 1367 2680 maerore
1392 2610 1541 2693 efficitur,

414 2732 488 2819 quia
511 2753 550 2797 ex
575 2729 726 2817 praesenti
749 2725 872 2795 mundo
896 2744 969 2795 ante
995 2725 1209 2808 subtrahitur,
1227 2750 1323 2816 quam
1340 2727 1423 2796 salus
1446 2751 1541 2797 mun-

415 2835 447 2903 di
470 2836 648 2904 reveletur.
673 2834 767 2904 Unde
792 2851 824 2899 et
848 2830 1022 2900 subditur:

836 3125 988 3194 CAPUT
1011 3125 1119 3193 XXX.

577 3410 691 3512 Quod
719 3410 882 3517 antiqui
909 3418 1047 3517 patres
1075 3410 1230 3494 fuerint
1260 3415 1379 3521 quasi

418 3552 647 3652 portatores
674 3570 900 3651 pomorum,
930 3545 1274 3648 praenuntiantes
1302 3543 1536 3652 Christum,

631 3688 672 3758 et
700 3676 865 3759 odorem
911 3674 1131 3782 Evangelii
1176 3676 1327 3758 futuris

723 3798 915 3905 gentibus
960 3798 1244 3906 porrigentes,

411 4153 438 4216 1)
475 4155 574 4208 Bessus.
594 4156 616 4207 si
634 4173 682 4208 non
713 4157 756 4208 iiie
773 4156 889 4226 populns,
908 4155 951 4225 qui
970 4156 1048 4227 ipsam
1076 4155 1192 4226 pictatem
1220 4158 1359 4225 persecutus
1391 4152 1464 4225 impie
1482 4153 1529 4208 ut?

427 4242 509 4296 Paulo
529 4258 587 4313 post
606 4246 678 4299 deett
698 4242 876 4297 tantummodo.
