<?xml version="1.0" encoding="UTF-8"?>
<!DOCTYPE html PUBLIC "-//W3C//DTD XHTML 1.0 Transitional//EN"
    "http://www.w3.org/TR/xhtml1/DTD/xhtml1-transitional.dtd">
<html xmlns="http://www.w3.org/1999/xhtml" xml:lang="en" lang="en">
 <head>
  <title>
</title>
<meta http-equiv="Content-Type" content="text/html;charset=utf-8" />
  <meta name='ocr-system' content='tesseract 3.04.00' />
  <meta name='ocr-capabilities' content='ocr_page ocr_carea ocr_par ocr_line ocrx_word'/>
</head>
<body>
  <div class='ocr_page' id='page_1' title='image "./librimoraliumsi00greggoog_0844.png"; bbox 0 0 3909 5400; ppageno 0'>
   <div class='ocr_carea' id='block_1_1' title="bbox 372 248 3564 707">
    <p class='ocr_par' dir='ltr' id='par_1_1' title="bbox 372 248 3564 707">
     <span class='ocr_line' id='line_1_1' title="bbox 372 248 3564 707; baseline 0 4693"><span class='ocrx_word' id='word_1_1' title='bbox 372 248 3564 707; x_wconf 95' lang='lat' dir='ltr'> </span> 
     </span>
    </p>
   </div>
   <div class='ocr_carea' id='block_1_2' title="bbox 1878 1124 2351 1205">
    <p class='ocr_par' dir='ltr' id='par_1_2' title="bbox 1878 1124 2351 1205">
     <span class='ocr_line' id='line_1_2' title="bbox 1878 1124 2351 1205; baseline -0.002 0"><span class='ocrx_word' id='word_1_2' title='bbox 1878 1124 2351 1205; x_wconf 83' lang='lat'>——808—</span> 
     </span>
    </p>
   </div>
   <div class='ocr_carea' id='block_1_3' title="bbox 988 1277 3258 2158">
    <p class='ocr_par' dir='ltr' id='par_1_3' title="bbox 988 1277 3258 2158">
     <span class='ocr_line' id='line_1_3' title="bbox 996 1277 3250 1369; baseline -0.002 -19"><span class='ocrx_word' id='word_1_3' title='bbox 996 1284 1227 1369; x_wconf 76' lang='lat' dir='ltr'>piebat,</span> <span class='ocrx_word' id='word_1_4' title='bbox 1277 1282 1510 1348; x_wconf 87' lang='lat' dir='ltr'>dicens:</span> <span class='ocrx_word' id='word_1_5' title='bbox 1568 1306 1598 1342; x_wconf 72' lang='grc' dir='ltr'><strong>α</strong></span> <span class='ocrx_word' id='word_1_6' title='bbox 1648 1280 1872 1348; x_wconf 81' lang='lat' dir='ltr'><strong>Infelix</strong></span> <span class='ocrx_word' id='word_1_7' title='bbox 1920 1303 2045 1367; x_wconf 87' lang='lat' dir='ltr'>ego</span> <span class='ocrx_word' id='word_1_8' title='bbox 2093 1280 2312 1349; x_wconf 88' lang='lat' dir='ltr'>homo!</span> <span class='ocrx_word' id='word_1_9' title='bbox 2347 1280 2488 1368; x_wconf 89' lang='lat' dir='ltr'>quis</span> <span class='ocrx_word' id='word_1_10' title='bbox 2521 1300 2624 1347; x_wconf 89' lang='lat' dir='ltr'>me</span> <span class='ocrx_word' id='word_1_11' title='bbox 2657 1277 2954 1347; x_wconf 81' lang='lat' dir='ltr'>liberabit</span> <span class='ocrx_word' id='word_1_12' title='bbox 3001 1277 3078 1347; x_wconf 87' lang='lat' dir='ltr'>de</span> <span class='ocrx_word' id='word_1_13' title='bbox 3115 1298 3250 1347; x_wconf 81' lang='lat' dir='ltr'>cor-</span> 
     </span>
     <span class='ocr_line' id='line_1_4' title="bbox 997 1392 3250 1483; baseline -0.002 -22"><span class='ocrx_word' id='word_1_14' title='bbox 997 1418 1153 1481; x_wconf 87' lang='lat' dir='ltr'>pore</span> <span class='ocrx_word' id='word_1_15' title='bbox 1204 1397 1431 1462; x_wconf 86' lang='lat' dir='ltr'>mortis</span> <span class='ocrx_word' id='word_1_16' title='bbox 1480 1394 1724 1463; x_wconf 86' lang='lat' dir='ltr'>huius?</span> <span class='ocrx_word' id='word_1_17' title='bbox 1774 1420 1805 1457; x_wconf 69' lang='grc' dir='ltr'>ι)</span> <span class='ocrx_word' id='word_1_18' title='bbox 1858 1394 1974 1483; x_wconf 91' lang='lat'>(1)</span> <span class='ocrx_word' id='word_1_19' title='bbox 2021 1396 2209 1461; x_wconf 80' lang='lat' dir='ltr'>Dicat</span> <span class='ocrx_word' id='word_1_20' title='bbox 2255 1415 2411 1483; x_wconf 86' lang='lat' dir='ltr'>ergo</span> <span class='ocrx_word' id='word_1_21' title='bbox 2461 1395 2558 1461; x_wconf 85' lang='lat' dir='ltr'>vir</span> <span class='ocrx_word' id='word_1_22' title='bbox 2605 1396 2831 1462; x_wconf 86' lang='lat' dir='ltr'>iustus:</span> <span class='ocrx_word' id='word_1_23' title='bbox 2885 1419 2919 1456; x_wconf 87' lang='lat'>«</span> <span class='ocrx_word' id='word_1_24' title='bbox 2967 1396 3035 1462; x_wconf 91' lang='lat' dir='ltr'>Si</span> <span class='ocrx_word' id='word_1_25' title='bbox 3079 1392 3250 1460; x_wconf 85' lang='lat' dir='ltr'>lotus</span> 
     </span>
     <span class='ocr_line' id='line_1_5' title="bbox 988 1505 3247 1595; baseline 0.001 -23"><span class='ocrx_word' id='word_1_26' title='bbox 988 1508 1171 1574; x_wconf 62' lang='lat' dir='ltr'>suero</span> <span class='ocrx_word' id='word_1_27' title='bbox 1223 1510 1400 1595; x_wconf 74' lang='lat' dir='ltr'>q·1;1si</span> <span class='ocrx_word' id='word_1_28' title='bbox 1454 1510 1630 1595; x_wconf 66' lang='lat' dir='ltr'>„iq-iis</span> <span class='ocrx_word' id='word_1_29' title='bbox 1680 1508 1891 1587; x_wconf 84' lang='lat' dir='ltr'>nivis,</span> <span class='ocrx_word' id='word_1_30' title='bbox 1942 1526 2010 1573; x_wconf 84' lang='lat' dir='ltr'>et</span> <span class='ocrx_word' id='word_1_31' title='bbox 2061 1506 2358 1575; x_wconf 74' lang='lat' dir='ltr'><strong>fulserint</strong></span> <span class='ocrx_word' id='word_1_32' title='bbox 2411 1506 2586 1573; x_wconf 87' lang='lat' dir='ltr'>velut</span> <span class='ocrx_word' id='word_1_33' title='bbox 2613 1505 2904 1573; x_wconf 87' lang='lat' dir='ltr'>mundiss</span> <span class='ocrx_word' id='word_1_34' title='bbox 2937 1530 3080 1573; x_wconf 65' lang='lat' dir='ltr'>mae</span> <span class='ocrx_word' id='word_1_35' title='bbox 3115 1528 3247 1575; x_wconf 81' lang='lat' dir='ltr'>ma-</span> 
     </span>
     <span class='ocr_line' id='line_1_6' title="bbox 1001 1620 3251 1711; baseline 0.001 -26"><span class='ocrx_word' id='word_1_36' title='bbox 1001 1645 1118 1685; x_wconf 85' lang='lat' dir='ltr'>nus</span> <span class='ocrx_word' id='word_1_37' title='bbox 1168 1644 1366 1701; x_wconf 77' lang='lat' dir='ltr'>meae;</span> <span class='ocrx_word' id='word_1_38' title='bbox 1416 1640 1633 1685; x_wconf 73' lang='lat' dir='ltr'>tamen</span> <span class='ocrx_word' id='word_1_39' title='bbox 1682 1620 1976 1687; x_wconf 78' lang='lat' dir='ltr'>sordibus</span> <span class='ocrx_word' id='word_1_40' title='bbox 2053 1623 2336 1711; x_wconf 79' lang='lat' dir='ltr'>intinges</span> <span class='ocrx_word' id='word_1_41' title='bbox 2387 1646 2514 1701; x_wconf 87' lang='lat' dir='ltr'>me,</span> <span class='ocrx_word' id='word_1_42' title='bbox 2558 1642 2627 1688; x_wconf 88' lang='lat' dir='ltr'>et</span> <span class='ocrx_word' id='word_1_43' title='bbox 2697 1622 3251 1689; x_wconf 83' lang='lat' dir='ltr'>abominabuntur</span> 
     </span>
     <span class='ocr_line' id='line_1_7' title="bbox 1002 1735 3255 1824; baseline 0.004 -27"><span class='ocrx_word' id='word_1_44' title='bbox 1002 1756 1105 1798; x_wconf 89' lang='lat' dir='ltr'>mc</span> <span class='ocrx_word' id='word_1_45' title='bbox 1207 1736 1591 1798; x_wconf 78' lang='lat' dir='ltr'>vestimenta</span> <span class='ocrx_word' id='word_1_46' title='bbox 1692 1754 1854 1799; x_wconf 80' lang='lat' dir='ltr'>mea:</span> <span class='ocrx_word' id='word_1_47' title='bbox 1929 1760 1960 1795; x_wconf 70' lang='grc' dir='ltr'><strong>υ</strong></span> <span class='ocrx_word' id='word_1_48' title='bbox 2037 1738 2184 1821; x_wconf 80' lang='lat' dir='ltr'>quia</span> <span class='ocrx_word' id='word_1_49' title='bbox 2262 1735 2736 1824; x_wconf 86' lang='lat' dir='ltr'>quantumlibet</span> <span class='ocrx_word' id='word_1_50' title='bbox 2827 1736 2905 1804; x_wconf 86' lang='lat' dir='ltr'>ad</span> <span class='ocrx_word' id='word_1_51' title='bbox 2981 1759 3255 1817; x_wconf 82' lang='lat' dir='ltr'>summa,</span> 
     </span>
     <span class='ocr_line' id='line_1_8' title="bbox 1000 1844 3258 1936; baseline 0.002 -27"><span class='ocrx_word' id='word_1_52' title='bbox 1000 1868 1075 1909; x_wconf 78' lang='lat' dir='ltr'>cx</span> <span class='ocrx_word' id='word_1_53' title='bbox 1130 1848 1638 1928; x_wconf 77' lang='lat' dir='ltr'>compunctione</span> <span class='ocrx_word' id='word_1_54' title='bbox 1690 1844 2272 1931; x_wconf 81' lang='lat' dir='ltr'>contemplationis</span> <span class='ocrx_word' id='word_1_55' title='bbox 2317 1848 2702 1929; x_wconf 76' lang='lat' dir='ltr'>ascenderit,</span> <span class='ocrx_word' id='word_1_56' title='bbox 2775 1846 3258 1936; x_wconf 80' lang='lat' dir='ltr'>quantumlibet</span> 
     </span>
     <span class='ocr_line' id='line_1_9' title="bbox 1002 1958 3256 2045; baseline 0.002 -23"><span class='ocrx_word' id='word_1_57' title='bbox 1002 1960 1067 2023; x_wconf 84' lang='lat' dir='ltr'>iu</span> <span class='ocrx_word' id='word_1_58' title='bbox 1115 1980 1310 2043; x_wconf 85' lang='lat' dir='ltr'>opere</span> <span class='ocrx_word' id='word_1_59' title='bbox 1360 1982 1423 2025; x_wconf 90' lang='lat' dir='ltr'>se</span> <span class='ocrx_word' id='word_1_60' title='bbox 1472 1982 1582 2045; x_wconf 86' lang='lat' dir='ltr'>per</span> <span class='ocrx_word' id='word_1_61' title='bbox 1631 1961 2014 2026; x_wconf 84' lang='lat' dir='ltr'>exercitium</span> <span class='ocrx_word' id='word_1_62' title='bbox 2063 1958 2296 2027; x_wconf 84' lang='lat' dir='ltr'>laboris</span> <span class='ocrx_word' id='word_1_63' title='bbox 2343 1963 2722 2041; x_wconf 78' lang='lat' dir='ltr'>accinxerit,</span> <span class='ocrx_word' id='word_1_64' title='bbox 2772 1960 3110 2045; x_wconf 78' lang='lat' dir='ltr'>indignum</span> <span class='ocrx_word' id='word_1_65' title='bbox 3161 1978 3256 2027; x_wconf 81' lang='lat' dir='ltr'>ta-</span> 
     </span>
     <span class='ocr_line' id='line_1_10' title="bbox 1004 2070 3256 2158; baseline 0 -23"><span class='ocrx_word' id='word_1_66' title='bbox 1004 2091 1153 2135; x_wconf 87' lang='lat' dir='ltr'>men</span> <span class='ocrx_word' id='word_1_67' title='bbox 1205 2070 1408 2135; x_wconf 79' lang='lat' dir='ltr'>adhuc</span> <span class='ocrx_word' id='word_1_68' title='bbox 1457 2070 1695 2158; x_wconf 85' lang='lat' dir='ltr'>aliquid</span> <span class='ocrx_word' id='word_1_69' title='bbox 1744 2071 1822 2135; x_wconf 83' lang='lat' dir='ltr'>cle</span> <span class='ocrx_word' id='word_1_70' title='bbox 1872 2092 2152 2156; x_wconf 86' lang='lat' dir='ltr'>corpore</span> <span class='ocrx_word' id='word_1_71' title='bbox 2199 2076 2427 2140; x_wconf 83' lang='lat' dir='ltr'>mortis</span> <span class='ocrx_word' id='word_1_72' title='bbox 2475 2075 2693 2154; x_wconf 76' lang='lat' dir='ltr'>sentit,</span> <span class='ocrx_word' id='word_1_73' title='bbox 2743 2091 2807 2139; x_wconf 88' lang='lat' dir='ltr'>et</span> <span class='ocrx_word' id='word_1_74' title='bbox 2854 2070 3256 2139; x_wconf 81' lang='lat' dir='ltr'>abominabi-</span> 
     </span>
    </p>
   </div>
   <div class='ocr_carea' id='block_1_4' title="bbox 1003 2182 3262 2802">
    <p class='ocr_par' dir='ltr' id='par_1_4' title="bbox 1003 2182 3261 2376">
     <span class='ocr_line' id='line_1_11' title="bbox 1003 2182 3261 2273; baseline 0.001 -25"><span class='ocrx_word' id='word_1_75' title='bbox 1003 2182 1133 2248; x_wconf 88' lang='lat' dir='ltr'>lem</span> <span class='ocrx_word' id='word_1_76' title='bbox 1180 2206 1245 2249; x_wconf 87' lang='lat' dir='ltr'>se</span> <span class='ocrx_word' id='word_1_77' title='bbox 1294 2206 1427 2249; x_wconf 89' lang='lat' dir='ltr'>esse</span> <span class='ocrx_word' id='word_1_78' title='bbox 1475 2184 1835 2252; x_wconf 86' lang='lat' dir='ltr'>considerat</span> <span class='ocrx_word' id='word_1_79' title='bbox 1881 2188 1948 2251; x_wconf 88' lang='lat' dir='ltr'>in</span> <span class='ocrx_word' id='word_1_80' title='bbox 1995 2184 2233 2265; x_wconf 88' lang='lat' dir='ltr'>multis,</span> <span class='ocrx_word' id='word_1_81' title='bbox 2279 2206 2442 2273; x_wconf 84' lang='lat' dir='ltr'>quae</span> <span class='ocrx_word' id='word_1_82' title='bbox 2490 2185 2602 2272; x_wconf 85' lang='lat'>(2)</span> <span class='ocrx_word' id='word_1_83' title='bbox 2629 2186 2707 2252; x_wconf 85' lang='lat' dir='ltr'>de</span> <span class='ocrx_word' id='word_1_84' title='bbox 2755 2182 3042 2273; x_wconf 89' lang='lat' dir='ltr'>pondere</span> <span class='ocrx_word' id='word_1_85' title='bbox 3116 2204 3261 2251; x_wconf 91' lang='lat' dir='ltr'>cor-</span> 
     </span>
     <span class='ocr_line' id='line_1_12' title="bbox 1008 2292 1609 2376; baseline 0.01 -25"><span class='ocrx_word' id='word_1_86' title='bbox 1008 2292 1327 2375; x_wconf 83' lang='lat' dir='ltr'>ruptionis</span> <span class='ocrx_word' id='word_1_87' title='bbox 1374 2308 1609 2376; x_wconf 81' lang='lat' dir='ltr'>portat.</span> 
     </span>
    </p>

    <p class='ocr_par' dir='ltr' id='par_1_5' title="bbox 1011 2392 3262 2802">
     <span class='ocr_line' id='line_1_13' title="bbox 1070 2392 3243 2482; baseline -0 -22"><span class='ocrx_word' id='word_1_88' title='bbox 1070 2417 1147 2478; x_wconf 77' lang='lat'>73</span> <span class='ocrx_word' id='word_1_89' title='bbox 1190 2395 1314 2460; x_wconf 89' lang='lat' dir='ltr'>Cui</span> <span class='ocrx_word' id='word_1_90' title='bbox 1362 2393 1487 2459; x_wconf 86' lang='lat' dir='ltr'>hoc</span> <span class='ocrx_word' id='word_1_91' title='bbox 1536 2416 1794 2482; x_wconf 83' lang='lat' dir='ltr'>quoque</span> <span class='ocrx_word' id='word_1_92' title='bbox 1842 2394 1915 2461; x_wconf 86' lang='lat' dir='ltr'>fit</span> <span class='ocrx_word' id='word_1_93' title='bbox 1965 2397 2240 2482; x_wconf 54' lang='lat' dir='ltr'>gravina,</span> <span class='ocrx_word' id='word_1_94' title='bbox 2291 2392 2468 2482; x_wconf 82' lang='lat' dir='ltr'><strong>quod</strong></span> <span class='ocrx_word' id='word_1_95' title='bbox 2514 2415 2685 2481; x_wconf 85' lang='lat' dir='ltr'>saepe</span> <span class='ocrx_word' id='word_1_96' title='bbox 2735 2415 2948 2482; x_wconf 86' lang='lat' dir='ltr'>neque</span> <span class='ocrx_word' id='word_1_97' title='bbox 2995 2393 3243 2459; x_wconf 87' lang='lat' dir='ltr'>hocin-</span> 
     </span>
     <span class='ocr_line' id='line_1_14' title="bbox 1011 2505 3262 2596; baseline 0.001 -26"><span class='ocrx_word' id='word_1_98' title='bbox 1011 2506 1258 2592; x_wconf 82' lang='lat' dir='ltr'>telligit,</span> <span class='ocrx_word' id='word_1_99' title='bbox 1306 2509 1416 2595; x_wconf 84' lang='lat'>(3)</span> <span class='ocrx_word' id='word_1_100' title='bbox 1464 2509 1633 2575; x_wconf 81' lang='lat' dir='ltr'>unde</span> <span class='ocrx_word' id='word_1_101' title='bbox 1683 2508 2020 2596; x_wconf 88' lang='lat' dir='ltr'>delinquit.</span> <span class='ocrx_word' id='word_1_102' title='bbox 2097 2508 2370 2594; x_wconf 77' lang='lat' dir='ltr'>Flagella</span> <span class='ocrx_word' id='word_1_103' title='bbox 2435 2510 2720 2595; x_wconf 86' lang='lat' dir='ltr'>suscipit,</span> <span class='ocrx_word' id='word_1_104' title='bbox 2767 2505 2878 2574; x_wconf 90' lang='lat' dir='ltr'>sed</span> <span class='ocrx_word' id='word_1_105' title='bbox 2957 2505 3262 2572; x_wconf 86' lang='lat' dir='ltr'>districto</span> 
     </span>
     <span class='ocr_line' id='line_1_15' title="bbox 1014 2620 3260 2712; baseline 0.001 -29"><span class='ocrx_word' id='word_1_106' title='bbox 1014 2620 1205 2685; x_wconf 81' lang='lat' dir='ltr'>indici</span> <span class='ocrx_word' id='word_1_107' title='bbox 1256 2621 1409 2708; x_wconf 81' lang='lat' dir='ltr'>quid</span> <span class='ocrx_word' id='word_1_108' title='bbox 1458 2625 1521 2688; x_wconf 91' lang='lat' dir='ltr'>in</span> <span class='ocrx_word' id='word_1_109' title='bbox 1570 2646 1634 2689; x_wconf 89' lang='lat' dir='ltr'>se</span> <span class='ocrx_word' id='word_1_110' title='bbox 1686 2625 1906 2704; x_wconf 87' lang='lat' dir='ltr'>maius,</span> <span class='ocrx_word' id='word_1_111' title='bbox 1957 2623 2200 2712; x_wconf 81' lang='lat' dir='ltr'>quidve</span> <span class='ocrx_word' id='word_1_112' title='bbox 2253 2624 2468 2689; x_wconf 83' lang='lat' dir='ltr'>minus</span> <span class='ocrx_word' id='word_1_113' title='bbox 2514 2622 2870 2709; x_wconf 84' lang='lat' dir='ltr'>displiceat,</span> <span class='ocrx_word' id='word_1_114' title='bbox 2899 2643 3032 2689; x_wconf 85' lang='lat' dir='ltr'>non</span> <span class='ocrx_word' id='word_1_115' title='bbox 3059 2642 3260 2709; x_wconf 87' lang='lat' dir='ltr'>agno-</span> 
     </span>
     <span class='ocr_line' id='line_1_16' title="bbox 1011 2735 1847 2802; baseline 0.005 -4"><span class='ocrx_word' id='word_1_116' title='bbox 1011 2736 1153 2798; x_wconf 85' lang='lat' dir='ltr'>scit.</span> <span class='ocrx_word' id='word_1_117' title='bbox 1184 2735 1371 2801; x_wconf 84' lang='lat' dir='ltr'>Unde</span> <span class='ocrx_word' id='word_1_118' title='bbox 1422 2755 1486 2801; x_wconf 88' lang='lat' dir='ltr'>ct</span> <span class='ocrx_word' id='word_1_119' title='bbox 1534 2735 1847 2802; x_wconf 86' lang='lat' dir='ltr'>subditur:</span> 
     </span>
    </p>
   </div>
   <div class='ocr_carea' id='block_1_5' title="bbox 1887 3050 2559 3119">
    <p class='ocr_par' dir='ltr' id='par_1_6' title="bbox 1887 3050 2559 3119">
     <span class='ocr_line' id='line_1_17' title="bbox 1887 3050 2559 3119; baseline -0.003 -1"><span class='ocrx_word' id='word_1_120' title='bbox 1887 3050 2190 3119; x_wconf 84' lang='lat' dir='ltr'>CAPUT</span> <span class='ocrx_word' id='word_1_121' title='bbox 2237 3051 2559 3118; x_wconf 78' lang='lat' dir='ltr'>XXXVII</span> 
     </span>
    </p>
   </div>
   <div class='ocr_carea' id='block_1_6' title="bbox 368 3152 3568 5152">
    <p class='ocr_par' dir='ltr' id='par_1_7' title="bbox 368 3152 3568 5152">
     <span class='ocr_line' id='line_1_18' title="bbox 368 3152 3568 5152; baseline 0 0"><span class='ocrx_word' id='word_1_122' title='bbox 368 3152 3568 5152; x_wconf 95' lang='lat' dir='ltr'> </span> 
     </span>
    </p>
   </div>
  </div>
 </body>
</html>
