<?xml version="1.0" encoding="UTF-8"?>
<!DOCTYPE html PUBLIC "-//W3C//DTD XHTML 1.0 Transitional//EN"
    "http://www.w3.org/TR/xhtml1/DTD/xhtml1-transitional.dtd">
<html xmlns="http://www.w3.org/1999/xhtml" xml:lang="en" lang="en">
 <head>
  <title>
</title>
<meta http-equiv="Content-Type" content="text/html;charset=utf-8" />
  <meta name='ocr-system' content='tesseract 3.04.00' />
  <meta name='ocr-capabilities' content='ocr_page ocr_carea ocr_par ocr_line ocrx_word'/>
</head>
<body>
  <div class='ocr_page' id='page_1' title='image "./librimoraliumsi00greggoog_0861.png"; bbox 0 0 3909 5400; ppageno 0'>
   <div class='ocr_carea' id='block_1_1' title="bbox 823 650 1106 771">
    <p class='ocr_par' dir='ltr' id='par_1_1' title="bbox 823 650 1106 771">
     <span class='ocr_line' id='line_1_1' title="bbox 823 650 1106 771; baseline 0.039 -50"><span class='ocrx_word' id='word_1_1' title='bbox 823 650 1106 771; x_wconf 45' lang='lat'>7825-</span> 
     </span>
    </p>
   </div>
   <div class='ocr_carea' id='block_1_2' title="bbox 346 800 1550 1577">
    <p class='ocr_par' dir='ltr' id='par_1_2' title="bbox 346 800 1550 1577">
     <span class='ocr_line' id='line_1_2' title="bbox 422 800 1548 894; baseline 0.002 -24"><span class='ocrx_word' id='word_1_2' title='bbox 422 827 494 870; x_wconf 86' lang='lat' dir='ltr'>ase</span> <span class='ocrx_word' id='word_1_3' title='bbox 519 800 640 870; x_wconf 76' lang='lat' dir='ltr'>facilius</span> <span class='ocrx_word' id='word_1_4' title='bbox 665 824 721 871; x_wconf 87' lang='lat' dir='ltr'>tua</span> <span class='ocrx_word' id='word_1_5' title='bbox 747 807 847 891; x_wconf 88' lang='lat' dir='ltr'>pietas</span> <span class='ocrx_word' id='word_1_6' title='bbox 870 810 983 894; x_wconf 80' lang='lat' dir='ltr'>exigit,</span> <span class='ocrx_word' id='word_1_7' title='bbox 1015 827 1050 872; x_wconf 92' lang='lat' dir='ltr'>ut</span> <span class='ocrx_word' id='word_1_8' title='bbox 1076 827 1194 892; x_wconf 85' lang='lat' dir='ltr'>parcat.</span> <span class='ocrx_word' id='word_1_9' title='bbox 1219 806 1304 882; x_wconf 85' lang='lat' dir='ltr'>Quia</span> <span class='ocrx_word' id='word_1_10' title='bbox 1344 826 1450 871; x_wconf 87' lang='lat' dir='ltr'>autern</span> <span class='ocrx_word' id='word_1_11' title='bbox 1492 807 1548 891; x_wconf 90' lang='lat' dir='ltr'>(r)</span> 
     </span>
     <span class='ocr_line' id='line_1_3' title="bbox 423 916 1548 1007; baseline 0.003 -25"><span class='ocrx_word' id='word_1_12' title='bbox 423 916 537 983; x_wconf 82' lang='lat' dir='ltr'>nos&#39;in</span> <span class='ocrx_word' id='word_1_13' title='bbox 561 917 680 984; x_wconf 86' lang='lat' dir='ltr'>delicto</span> <span class='ocrx_word' id='word_1_14' title='bbox 720 923 880 1006; x_wconf 83' lang='lat' dir='ltr'>concepti,</span> <span class='ocrx_word' id='word_1_15' title='bbox 913 946 945 986; x_wconf 88' lang='lat' dir='ltr'>ru</span> <span class='ocrx_word' id='word_1_16' title='bbox 986 921 1208 1007; x_wconf 77' lang='lat' dir='ltr'>iniquitatibus</span> <span class='ocrx_word' id='word_1_17' title='bbox 1247 920 1334 997; x_wconf 88' lang='lat' dir='ltr'>editi,</span> <span class='ocrx_word' id='word_1_18' title='bbox 1358 939 1413 985; x_wconf 90' lang='lat' dir='ltr'>aut</span> <span class='ocrx_word' id='word_1_19' title='bbox 1453 927 1548 985; x_wconf 80' lang='lat' dir='ltr'>noxie</span> 
     </span>
     <span class='ocr_line' id='line_1_4' title="bbox 422 1033 1549 1119; baseline 0.004 -26"><span class='ocrx_word' id='word_1_20' title='bbox 422 1052 519 1114; x_wconf 86' lang='lat' dir='ltr'>prava</span> <span class='ocrx_word' id='word_1_21' title='bbox 543 1051 775 1117; x_wconf 82' lang='lat' dir='ltr'>perpetramus,</span> <span class='ocrx_word' id='word_1_22' title='bbox 800 1051 854 1098; x_wconf 85' lang='lat' dir='ltr'>aut</span> <span class='ocrx_word' id='word_1_23' title='bbox 879 1036 1007 1099; x_wconf 86' lang='lat' dir='ltr'>incaute</span> <span class='ocrx_word' id='word_1_24' title='bbox 1032 1038 1129 1099; x_wconf 88' lang='lat' dir='ltr'>etiam</span> <span class='ocrx_word' id='word_1_25' title='bbox 1154 1050 1242 1098; x_wconf 83' lang='lat' dir='ltr'>recta</span> <span class='ocrx_word' id='word_1_26' title='bbox 1279 1033 1406 1119; x_wconf 81' lang='lat' dir='ltr'>agendo</span> <span class='ocrx_word' id='word_1_27' title='bbox 1449 1034 1549 1098; x_wconf 88' lang='lat' dir='ltr'>delin-</span> 
     </span>
     <span class='ocr_line' id='line_1_5' title="bbox 422 1145 1549 1231; baseline 0.006 -25"><span class='ocrx_word' id='word_1_28' title='bbox 422 1146 560 1228; x_wconf 74' lang='lat' dir='ltr'>quimuS,</span> <span class='ocrx_word' id='word_1_29' title='bbox 598 1147 759 1211; x_wconf 83' lang='lat' dir='ltr'>districtus</span> <span class='ocrx_word' id='word_1_30' title='bbox 805 1145 905 1211; x_wconf 82' lang='lat' dir='ltr'>iudex</span> <span class='ocrx_word' id='word_1_31' title='bbox 945 1147 1030 1212; x_wconf 91' lang='lat' dir='ltr'>unde</span> <span class='ocrx_word' id='word_1_32' title='bbox 1075 1145 1131 1212; x_wconf 83' lang='lat' dir='ltr'>fiat</span> <span class='ocrx_word' id='word_1_33' title='bbox 1167 1145 1339 1231; x_wconf 83' lang='lat' dir='ltr'>placabilis,</span> <span class='ocrx_word' id='word_1_34' title='bbox 1380 1170 1450 1212; x_wconf 91' lang='lat' dir='ltr'>nou</span> <span class='ocrx_word' id='word_1_35' title='bbox 1491 1148 1549 1213; x_wconf 86' lang='lat' dir='ltr'>ha-</span> 
     </span>
     <span class='ocr_line' id='line_1_6' title="bbox 423 1239 1550 1346; baseline 0.007 -29"><span class='ocrx_word' id='word_1_36' title='bbox 423 1255 545 1322; x_wconf 86' lang='lat' dir='ltr'>bemus.</span> <span class='ocrx_word' id='word_1_37' title='bbox 569 1258 631 1323; x_wconf 88' lang='lat' dir='ltr'>Sed</span> <span class='ocrx_word' id='word_1_38' title='bbox 664 1280 739 1323; x_wconf 91' lang='lat' dir='ltr'>cum</span> <span class='ocrx_word' id='word_1_39' title='bbox 763 1277 911 1324; x_wconf 83' lang='lat' dir='ltr'>nostrum</span> <span class='ocrx_word' id='word_1_40' title='bbox 935 1281 1017 1346; x_wconf 93' lang='lat' dir='ltr'>opus</span> <span class='ocrx_word' id='word_1_41' title='bbox 1040 1239 1109 1324; x_wconf 77' lang='lat' dir='ltr'>eius</span> <span class='ocrx_word' id='word_1_42' title='bbox 1132 1258 1299 1324; x_wconf 88' lang='lat' dir='ltr'>obtutibus</span> <span class='ocrx_word' id='word_1_43' title='bbox 1323 1260 1456 1346; x_wconf 87' lang='lat' dir='ltr'>dignum</span> <span class='ocrx_word' id='word_1_44' title='bbox 1495 1282 1550 1325; x_wconf 84' lang='lat' dir='ltr'>ex-</span> 
     </span>
     <span class='ocr_line' id='line_1_7' title="bbox 421 1366 1549 1461; baseline 0.007 -30"><span class='ocrx_word' id='word_1_45' title='bbox 421 1366 533 1434; x_wconf 87' lang='lat' dir='ltr'>hihere</span> <span class='ocrx_word' id='word_1_46' title='bbox 558 1393 624 1436; x_wconf 89' lang='lat' dir='ltr'>non</span> <span class='ocrx_word' id='word_1_47' title='bbox 651 1395 836 1458; x_wconf 87' lang='lat' dir='ltr'>possumus,</span> <span class='ocrx_word' id='word_1_48' title='bbox 859 1392 967 1454; x_wconf 88' lang='lat' dir='ltr'>restat,</span> <span class='ocrx_word' id='word_1_49' title='bbox 993 1395 1028 1441; x_wconf 94' lang='lat' dir='ltr'>ut</span> <span class='ocrx_word' id='word_1_50' title='bbox 1051 1375 1090 1442; x_wconf 90' lang='lat' dir='ltr'>ad</span> <span class='ocrx_word' id='word_1_51' title='bbox 1116 1374 1329 1461; x_wconf 79' lang='lat' dir='ltr'>placationem</span> <span class='ocrx_word' id='word_1_52' title='bbox 1354 1375 1549 1442; x_wconf 89' lang='lat' dir='ltr'>illiussnum</span> 
     </span>
     <span class='ocr_line' id='line_1_8' title="bbox 346 1482 1124 1577; baseline 0.013 -33"><span class='ocrx_word' id='word_1_53' title='bbox 346 1563 352 1577; x_wconf 21' lang='grc' dir='ltr'>ἢ</span> <span class='ocrx_word' id='word_1_54' title='bbox 421 1483 450 1546; x_wconf 91' lang='lat' dir='ltr'>ei</span> <span class='ocrx_word' id='word_1_55' title='bbox 474 1504 554 1567; x_wconf 87' lang='lat' dir='ltr'>opus</span> <span class='ocrx_word' id='word_1_56' title='bbox 577 1482 758 1552; x_wconf 77' lang='lat' dir='ltr'>offeramus.</span> <span class='ocrx_word' id='word_1_57' title='bbox 786 1487 880 1553; x_wconf 82' lang='lat' dir='ltr'>Unde</span> <span class='ocrx_word' id='word_1_58' title='bbox 904 1507 937 1552; x_wconf 83' lang='lat' dir='ltr'>et</span> <span class='ocrx_word' id='word_1_59' title='bbox 960 1487 1124 1554; x_wconf 89' lang='lat' dir='ltr'>subditur:</span> 
     </span>
    </p>
   </div>
   <div class='ocr_carea' id='block_1_3' title="bbox 843 1734 1135 1803">
    <p class='ocr_par' dir='ltr' id='par_1_3' title="bbox 843 1734 1135 1803">
     <span class='ocr_line' id='line_1_9' title="bbox 843 1734 1135 1803; baseline -0.003 -2"><span class='ocrx_word' id='word_1_60' title='bbox 843 1734 995 1803; x_wconf 85' lang='lat' dir='ltr'><strong>CAPUT</strong></span> <span class='ocrx_word' id='word_1_61' title='bbox 1018 1735 1135 1802; x_wconf 83' lang='lat' dir='ltr'>XLIX.</span> 
     </span>
    </p>
   </div>
   <div class='ocr_carea' id='block_1_4' title="bbox 422 1967 1540 2183">
    <p class='ocr_par' dir='ltr' id='par_1_4' title="bbox 422 1967 1540 2183">
     <span class='ocr_line' id='line_1_10' title="bbox 512 1967 1540 2077; baseline 0.008 -31"><span class='ocrx_word' id='word_1_62' title='bbox 512 1967 849 2050; x_wconf 82' lang='lat' dir='ltr'>Manichaeorum</span> <span class='ocrx_word' id='word_1_63' title='bbox 879 1997 993 2050; x_wconf 88' lang='lat' dir='ltr'>error</span> <span class='ocrx_word' id='word_1_64' title='bbox 1020 1970 1258 2074; x_wconf 82' lang='lat' dir='ltr'>destruitur,</span> <span class='ocrx_word' id='word_1_65' title='bbox 1288 1981 1330 2051; x_wconf 84' lang='lat' dir='ltr'>el</span> <span class='ocrx_word' id='word_1_66' title='bbox 1358 1971 1540 2077; x_wconf 85' lang='lat' dir='ltr'>dignitas</span> 
     </span>
     <span class='ocr_line' id='line_1_11' title="bbox 422 2099 1274 2183; baseline 0.006 -5"><span class='ocrx_word' id='word_1_67' title='bbox 422 2099 685 2180; x_wconf 83' lang='lat' dir='ltr'>conditionis</span> <span class='ocrx_word' id='word_1_68' title='bbox 715 2100 920 2180; x_wconf 83' lang='lat' dir='ltr'>humanae</span> <span class='ocrx_word' id='word_1_69' title='bbox 950 2101 1274 2183; x_wconf 84' lang='lat' dir='ltr'>commendatur.</span> 
     </span>
    </p>
   </div>
   <div class='ocr_carea' id='block_1_5' title="bbox 426 2360 1542 2600">
    <p class='ocr_par' dir='ltr' id='par_1_5' title="bbox 426 2360 1542 2600">
     <span class='ocr_line' id='line_1_12' title="bbox 503 2360 1542 2470; baseline 0.007 -29"><span class='ocrx_word' id='word_1_70' title='bbox 503 2360 657 2443; x_wconf 81' lang='lat' dir='ltr'>Munus</span> <span class='ocrx_word' id='word_1_71' title='bbox 686 2370 775 2442; x_wconf 79' lang='lat' dir='ltr'>inne</span> <span class='ocrx_word' id='word_1_72' title='bbox 802 2363 1173 2467; x_wconf 79' lang='lat' dir='ltr'>plasmarernnime,</span> <span class='ocrx_word' id='word_1_73' title='bbox 1202 2372 1237 2446; x_wconf 78' lang='lat' dir='ltr'>et</span> <span class='ocrx_word' id='word_1_74' title='bbox 1278 2366 1458 2470; x_wconf 73' lang='lat' dir='ltr'>secarunt</span> <span class='ocrx_word' id='word_1_75' title='bbox 1485 2396 1542 2448; x_wconf 83' lang='lat' dir='ltr'>me</span> 
     </span>
     <span class='ocr_line' id='line_1_13' title="bbox 426 2480 1542 2600; baseline 0.004 -29"><span class='ocrx_word' id='word_1_76' title='bbox 426 2498 553 2572; x_wconf 75' lang='lat' dir='ltr'>lotum</span> <span class='ocrx_word' id='word_1_77' title='bbox 580 2494 624 2574; x_wconf 80' lang='lat' dir='ltr'>in</span> <span class='ocrx_word' id='word_1_78' title='bbox 652 2480 839 2573; x_wconf 65' lang='lat' dir='ltr'>citanda:</span> <span class='ocrx_word' id='word_1_79' title='bbox 868 2500 904 2573; x_wconf 81' lang='lat' dir='ltr'>el</span> <span class='ocrx_word' id='word_1_80' title='bbox 931 2495 987 2573; x_wconf 81' lang='lat' dir='ltr'>sic</span> <span class='ocrx_word' id='word_1_81' title='bbox 1014 2501 1169 2598; x_wconf 76' lang='lat' dir='ltr'>repente</span> <span class='ocrx_word' id='word_1_82' title='bbox 1187 2496 1434 2600; x_wconf 74' lang='lat' dir='ltr'>praecipitus</span> <span class='ocrx_word' id='word_1_83' title='bbox 1462 2498 1542 2578; x_wconf 75' lang='lat' dir='ltr'>rna?</span> 
     </span>
    </p>
   </div>
   <div class='ocr_carea' id='block_1_6' title="bbox 495 2753 553 2828">
    <p class='ocr_par' dir='ltr' id='par_1_6' title="bbox 495 2753 553 2828">
     <span class='ocr_line' id='line_1_14' title="bbox 495 2753 553 2828; baseline 0 -20"><span class='ocrx_word' id='word_1_84' title='bbox 495 2753 553 2828; x_wconf 56' lang='lat' dir='ltr'>m&lt;</span> 
     </span>
    </p>
   </div>
   <div class='ocr_carea' id='block_1_7' title="bbox 417 2812 1545 3029">
    <p class='ocr_par' dir='ltr' id='par_1_7' title="bbox 417 2812 1545 3029">
     <span class='ocr_line' id='line_1_15' title="bbox 443 2812 1545 2924; baseline -0.002 -19"><span class='ocrx_word' id='word_1_85' title='bbox 443 2812 578 2924; x_wconf 45' lang='lat' dir='ltr'>8952232c</span> <span class='ocrx_word' id='word_1_86' title='bbox 600 2843 624 2904; x_wconf 86' lang='lat' dir='ltr'>si</span> <span class='ocrx_word' id='word_1_87' title='bbox 648 2842 677 2903; x_wconf 89' lang='lat' dir='ltr'>ei</span> <span class='ocrx_word' id='word_1_88' title='bbox 703 2838 867 2905; x_wconf 87' lang='lat' dir='ltr'>humiliter</span> <span class='ocrx_word' id='word_1_89' title='bbox 891 2838 986 2903; x_wconf 83' lang='lat' dir='ltr'>dicat:</span> <span class='ocrx_word' id='word_1_90' title='bbox 1012 2838 1098 2915; x_wconf 87' lang='lat' dir='ltr'>Quia</span> <span class='ocrx_word' id='word_1_91' title='bbox 1121 2836 1180 2900; x_wconf 89' lang='lat' dir='ltr'>sub</span> <span class='ocrx_word' id='word_1_92' title='bbox 1205 2837 1292 2901; x_wconf 88' lang='lat' dir='ltr'>iusto</span> <span class='ocrx_word' id='word_1_93' title='bbox 1316 2839 1464 2902; x_wconf 85' lang='lat' dir='ltr'>examine</span> <span class='ocrx_word' id='word_1_94' title='bbox 1497 2839 1545 2903; x_wconf 91' lang='lat' dir='ltr'>di·</span> 
     </span>
     <span class='ocr_line' id='line_1_16' title="bbox 417 2941 1545 3029; baseline -0.001 -21"><span class='ocrx_word' id='word_1_95' title='bbox 417 2966 518 3029; x_wconf 81' lang='lat' dir='ltr'>gnum</span> <span class='ocrx_word' id='word_1_96' title='bbox 543 2967 609 3010; x_wconf 89' lang='lat' dir='ltr'>non</span> <span class='ocrx_word' id='word_1_97' title='bbox 634 2963 680 3008; x_wconf 90' lang='lat' dir='ltr'>est</span> <span class='ocrx_word' id='word_1_98' title='bbox 706 2944 764 3029; x_wconf 86' lang='lat'>(2)</span> <span class='ocrx_word' id='word_1_99' title='bbox 789 2962 843 3007; x_wconf 86' lang='lat' dir='ltr'>tua</span> <span class='ocrx_word' id='word_1_100' title='bbox 869 2942 1049 3029; x_wconf 84' lang='lat' dir='ltr'>placatione</span> <span class='ocrx_word' id='word_1_101' title='bbox 1084 2941 1172 3027; x_wconf 92' lang='lat' dir='ltr'>quod</span> <span class='ocrx_word' id='word_1_102' title='bbox 1197 2943 1267 3019; x_wconf 79' lang='lat' dir='ltr'>leci,</span> <span class='ocrx_word' id='word_1_103' title='bbox 1292 2964 1388 3026; x_wconf 82' lang='lat' dir='ltr'>pensa</span> <span class='ocrx_word' id='word_1_104' title='bbox 1423 2943 1545 3007; x_wconf 81' lang='lat' dir='ltr'>miseri-</span> 
     </span>
    </p>
   </div>
   <div class='ocr_carea' id='block_1_8' title="bbox 309 3053 1545 3143">
    <p class='ocr_par' dir='ltr' id='par_1_8' title="bbox 309 3053 1545 3143">
     <span class='ocr_line' id='line_1_17' title="bbox 309 3053 1545 3143; baseline 0.001 -24"><span class='ocrx_word' id='word_1_105' title='bbox 309 3054 311 3057; x_wconf 62' lang='grc'>’</span> <span class='ocrx_word' id='word_1_106' title='bbox 420 3056 569 3134; x_wconf 85' lang='lat' dir='ltr'>corditer,</span> <span class='ocrx_word' id='word_1_107' title='bbox 595 3079 634 3120; x_wconf 86' lang='lat' dir='ltr'>ne</span> <span class='ocrx_word' id='word_1_108' title='bbox 660 3075 768 3141; x_wconf 83' lang='lat' dir='ltr'>pereat</span> <span class='ocrx_word' id='word_1_109' title='bbox 793 3055 880 3143; x_wconf 88' lang='lat' dir='ltr'>quod</span> <span class='ocrx_word' id='word_1_110' title='bbox 904 3053 1021 3121; x_wconf 84' lang='lat' dir='ltr'>fecisti.</span> <span class='ocrx_word' id='word_1_111' title='bbox 1047 3055 1176 3133; x_wconf 90' lang='lat' dir='ltr'>Quibus</span> <span class='ocrx_word' id='word_1_112' title='bbox 1212 3059 1314 3119; x_wconf 84' lang='lat' dir='ltr'>etiam</span> <span class='ocrx_word' id='word_1_113' title='bbox 1340 3053 1448 3118; x_wconf 83' lang='lat' dir='ltr'>verbis</span> <span class='ocrx_word' id='word_1_114' title='bbox 1473 3078 1545 3141; x_wconf 88' lang='lat' dir='ltr'>per·</span> 
     </span>
    </p>
   </div>
   <div class='ocr_carea' id='block_1_9' title="bbox 416 3158 1544 3586">
    <p class='ocr_par' dir='ltr' id='par_1_9' title="bbox 416 3158 1544 3586">
     <span class='ocr_line' id='line_1_18' title="bbox 419 3158 1544 3246; baseline -0.001 -22"><span class='ocrx_word' id='word_1_115' title='bbox 419 3182 547 3225; x_wconf 82' lang='lat' dir='ltr'>versum</span> <span class='ocrx_word' id='word_1_116' title='bbox 572 3160 627 3246; x_wconf 56' lang='grc' dir='ltr'>(ς)</span> <span class='ocrx_word' id='word_1_117' title='bbox 673 3159 854 3225; x_wconf 85' lang='lat' dir='ltr'>Manichaei</span> <span class='ocrx_word' id='word_1_118' title='bbox 893 3158 1013 3245; x_wconf 85' lang='lat' dir='ltr'>dogma</span> <span class='ocrx_word' id='word_1_119' title='bbox 1053 3159 1242 3237; x_wconf 85' lang='lat' dir='ltr'>destruitur,</span> <span class='ocrx_word' id='word_1_120' title='bbox 1282 3162 1337 3245; x_wconf 91' lang='lat' dir='ltr'>qui</span> <span class='ocrx_word' id='word_1_121' title='bbox 1374 3161 1439 3223; x_wconf 90' lang='lat' dir='ltr'>duo</span> <span class='ocrx_word' id='word_1_122' title='bbox 1476 3183 1544 3224; x_wconf 77' lang='lat' dir='ltr'>csse</span> 
     </span>
     <span class='ocr_line' id='line_1_19' title="bbox 418 3273 1544 3359; baseline -0.004 -18"><span class='ocrx_word' id='word_1_123' title='bbox 418 3275 572 3359; x_wconf 87' lang='lat' dir='ltr'>principia</span> <span class='ocrx_word' id='word_1_124' title='bbox 597 3273 799 3352; x_wconf 72' lang='lat' dir='ltr'>mentienteS,</span> <span class='ocrx_word' id='word_1_125' title='bbox 823 3298 840 3339; x_wconf 88' lang='lat' dir='ltr'>a</span> <span class='ocrx_word' id='word_1_126' title='bbox 865 3275 936 3338; x_wconf 90' lang='lat' dir='ltr'>Deo</span> <span class='ocrx_word' id='word_1_127' title='bbox 949 3277 1107 3357; x_wconf 87' lang='lat' dir='ltr'>spiritum,</span> <span class='ocrx_word' id='word_1_128' title='bbox 1131 3297 1147 3339; x_wconf 83' lang='lat' dir='ltr'>a</span> <span class='ocrx_word' id='word_1_129' title='bbox 1171 3275 1285 3339; x_wconf 83' lang='lat' dir='ltr'>Satana</span> <span class='ocrx_word' id='word_1_130' title='bbox 1310 3295 1388 3338; x_wconf 85' lang='lat' dir='ltr'>vero</span> <span class='ocrx_word' id='word_1_131' title='bbox 1415 3294 1544 3338; x_wconf 82' lang='lat' dir='ltr'>carnem</span> 
     </span>
     <span class='ocr_line' id='line_1_20' title="bbox 418 3388 1544 3473; baseline 0.001 -23"><span class='ocrx_word' id='word_1_132' title='bbox 418 3389 581 3452; x_wconf 87' lang='lat' dir='ltr'>conditam</span> <span class='ocrx_word' id='word_1_133' title='bbox 605 3409 743 3452; x_wconf 85' lang='lat' dir='ltr'>asserere</span> <span class='ocrx_word' id='word_1_134' title='bbox 769 3406 935 3451; x_wconf 88' lang='lat' dir='ltr'>conantur.</span> <span class='ocrx_word' id='word_1_135' title='bbox 960 3388 1095 3453; x_wconf 88' lang='lat' dir='ltr'>Sanctus</span> <span class='ocrx_word' id='word_1_136' title='bbox 1120 3391 1239 3451; x_wconf 87' lang='lat' dir='ltr'>etenim</span> <span class='ocrx_word' id='word_1_137' title='bbox 1280 3390 1327 3453; x_wconf 91' lang='lat' dir='ltr'>vit</span> <span class='ocrx_word' id='word_1_138' title='bbox 1363 3388 1544 3473; x_wconf 85' lang='lat' dir='ltr'>prophetici</span> 
     </span>
     <span class='ocr_line' id='line_1_21' title="bbox 416 3499 1544 3586; baseline 0.006 -25"><span class='ocrx_word' id='word_1_139' title='bbox 416 3518 516 3584; x_wconf 84' lang='lat' dir='ltr'>gratia</span> <span class='ocrx_word' id='word_1_140' title='bbox 538 3504 667 3586; x_wconf 87' lang='lat' dir='ltr'>spiritus</span> <span class='ocrx_word' id='word_1_141' title='bbox 690 3499 816 3586; x_wconf 83' lang='lat' dir='ltr'>plenus,</span> <span class='ocrx_word' id='word_1_142' title='bbox 830 3499 925 3585; x_wconf 82' lang='lat' dir='ltr'>longe</span> <span class='ocrx_word' id='word_1_143' title='bbox 962 3522 1033 3586; x_wconf 79' lang='lat' dir='ltr'>post</span> <span class='ocrx_word' id='word_1_144' title='bbox 1060 3522 1196 3568; x_wconf 82' lang='lat' dir='ltr'>ventura</span> <span class='ocrx_word' id='word_1_145' title='bbox 1217 3502 1410 3582; x_wconf 81' lang='lat' dir='ltr'>considerat,</span> <span class='ocrx_word' id='word_1_146' title='bbox 1436 3522 1468 3568; x_wconf 86' lang='lat' dir='ltr'>et</span> <span class='ocrx_word' id='word_1_147' title='bbox 1492 3524 1544 3568; x_wconf 92' lang='lat' dir='ltr'>er·</span> 
     </span>
    </p>
   </div>
   <div class='ocr_carea' id='block_1_10' title="bbox 412 3758 1530 4118">
    <p class='ocr_par' dir='ltr' id='par_1_10' title="bbox 412 3758 1530 4006">
     <span class='ocr_line' id='line_1_22' title="bbox 415 3758 1474 3831; baseline 0.003 -19"><span class='ocrx_word' id='word_1_148' title='bbox 415 3763 442 3826; x_wconf 79' lang='grc' dir='ltr'>ι)</span> <span class='ocrx_word' id='word_1_149' title='bbox 479 3762 514 3814; x_wconf 85' lang='lat' dir='ltr'>lta</span> <span class='ocrx_word' id='word_1_150' title='bbox 533 3762 604 3813; x_wconf 76' lang='lat' dir='ltr'>MSS.</span> <span class='ocrx_word' id='word_1_151' title='bbox 625 3758 749 3813; x_wconf 61' lang='lat' dir='ltr'>&gt;lorium</span> <span class='ocrx_word' id='word_1_152' title='bbox 769 3759 867 3813; x_wconf 84' lang='lat' dir='ltr'>Bellov.</span> <span class='ocrx_word' id='word_1_153' title='bbox 886 3773 911 3813; x_wconf 89' lang='lat' dir='ltr'>ct</span> <span class='ocrx_word' id='word_1_154' title='bbox 930 3759 1019 3829; x_wconf 82' lang='lat' dir='ltr'>pleriq.</span> <span class='ocrx_word' id='word_1_155' title='bbox 1052 3760 1116 3813; x_wconf 88' lang='lat' dir='ltr'>Coc.</span> <span class='ocrx_word' id='word_1_156' title='bbox 1135 3774 1162 3813; x_wconf 88' lang='lat' dir='ltr'>et</span> <span class='ocrx_word' id='word_1_157' title='bbox 1190 3778 1246 3831; x_wconf 83' lang='lat' dir='ltr'>seq.</span> <span class='ocrx_word' id='word_1_158' title='bbox 1265 3763 1305 3815; x_wconf 89' lang='lat' dir='ltr'>cd.</span> <span class='ocrx_word' id='word_1_159' title='bbox 1325 3763 1352 3813; x_wconf 82' lang='lat' dir='ltr'>iu</span> <span class='ocrx_word' id='word_1_160' title='bbox 1371 3764 1474 3815; x_wconf 62' lang='lat' dir='ltr'>delictis.</span> 
     </span>
     <span class='ocr_line' id='line_1_23' title="bbox 412 3856 1530 3928; baseline 0.002 -18"><span class='ocrx_word' id='word_1_161' title='bbox 412 3861 442 3924; x_wconf 70' lang='grc' dir='ltr'>ι)</span> <span class='ocrx_word' id='word_1_162' title='bbox 478 3857 593 3911; x_wconf 87' lang='lat' dir='ltr'>Bartlrol.</span> <span class='ocrx_word' id='word_1_163' title='bbox 613 3874 638 3910; x_wconf 87' lang='lat' dir='ltr'>et</span> <span class='ocrx_word' id='word_1_164' title='bbox 656 3870 709 3909; x_wconf 82' lang='lat' dir='ltr'>vet.</span> <span class='ocrx_word' id='word_1_165' title='bbox 729 3857 794 3910; x_wconf 80' lang='lat' dir='ltr'>edit.</span> <span class='ocrx_word' id='word_1_166' title='bbox 814 3863 869 3909; x_wconf 81' lang='lat' dir='ltr'>luae</span> <span class='ocrx_word' id='word_1_167' title='bbox 884 3856 1054 3928; x_wconf 57' lang='lat' dir='ltr'>plurmuliortt}</span> <span class='ocrx_word' id='word_1_168' title='bbox 1083 3856 1126 3907; x_wconf 91' lang='lat' dir='ltr'>cni</span> <span class='ocrx_word' id='word_1_169' title='bbox 1156 3856 1265 3910; x_wconf 70' lang='lat' dir='ltr'>lection?</span> <span class='ocrx_word' id='word_1_170' title='bbox 1299 3858 1387 3911; x_wconf 80' lang='lat' dir='ltr'>nullus</span> <span class='ocrx_word' id='word_1_171' title='bbox 1407 3877 1438 3911; x_wconf 79' lang='lat' dir='ltr'>cx</span> <span class='ocrx_word' id='word_1_172' title='bbox 1456 3861 1530 3913; x_wconf 83' lang='lat' dir='ltr'>MSS.</span> 
     </span>
     <span class='ocr_line' id='line_1_24' title="bbox 429 3950 1115 4006; baseline -0.003 -1"><span class='ocrx_word' id='word_1_173' title='bbox 429 3955 529 4006; x_wconf 74' lang='lat' dir='ltr'>nostris</span> <span class='ocrx_word' id='word_1_174' title='bbox 549 3953 608 4006; x_wconf 88' lang='lat' dir='ltr'>cod.</span> <span class='ocrx_word' id='word_1_175' title='bbox 628 3952 705 4006; x_wconf 82' lang='lat' dir='ltr'>laver.</span> <span class='ocrx_word' id='word_1_176' title='bbox 724 3952 805 4006; x_wconf 87' lang='lat' dir='ltr'>Favet</span> <span class='ocrx_word' id='word_1_177' title='bbox 826 3965 917 4006; x_wconf 84' lang='lat' dir='ltr'>tamen</span> <span class='ocrx_word' id='word_1_178' title='bbox 936 3950 996 4004; x_wconf 87' lang='lat' dir='ltr'>cod.</span> <span class='ocrx_word' id='word_1_179' title='bbox 1015 3952 1115 4005; x_wconf 85' lang='lat' dir='ltr'>Bessar.</span> 
     </span>
    </p>

    <p class='ocr_par' dir='ltr' id='par_1_11' title="bbox 413 4048 1527 4118">
     <span class='ocr_line' id='line_1_25' title="bbox 413 4048 1527 4118; baseline -0.001 -15"><span class='ocrx_word' id='word_1_180' title='bbox 413 4054 442 4116; x_wconf 79' lang='lat'>3)</span> <span class='ocrx_word' id='word_1_181' title='bbox 480 4051 584 4104; x_wconf 83' lang='lat' dir='ltr'>Gcrnet.</span> <span class='ocrx_word' id='word_1_182' title='bbox 604 4049 734 4103; x_wconf 86' lang='lat' dir='ltr'>Bellovac.</span> <span class='ocrx_word' id='word_1_183' title='bbox 755 4051 835 4103; x_wconf 90' lang='lat' dir='ltr'>Corb.</span> <span class='ocrx_word' id='word_1_184' title='bbox 855 4050 944 4104; x_wconf 89' lang='lat' dir='ltr'>Germ.</span> <span class='ocrx_word' id='word_1_185' title='bbox 964 4048 1052 4102; x_wconf 87' lang='lat' dir='ltr'>etalii</span> <span class='ocrx_word' id='word_1_186' title='bbox 1073 4049 1154 4118; x_wconf 88' lang='lat' dir='ltr'>antiq.</span> <span class='ocrx_word' id='word_1_187' title='bbox 1185 4048 1258 4103; x_wconf 84' lang='lat' dir='ltr'>MSS.</span> <span class='ocrx_word' id='word_1_188' title='bbox 1292 4048 1376 4103; x_wconf 80' lang='lat' dir='ltr'>Manis</span> <span class='ocrx_word' id='word_1_189' title='bbox 1405 4048 1448 4102; x_wconf 86' lang='lat' dir='ltr'>vel</span> <span class='ocrx_word' id='word_1_190' title='bbox 1469 4050 1527 4102; x_wconf 70' lang='lat' dir='ltr'>nlt-</span> 
     </span>
    </p>
   </div>
   <div class='ocr_carea' id='block_1_11' title="bbox 429 4160 477 4194">
    <p class='ocr_par' dir='ltr' id='par_1_12' title="bbox 429 4160 477 4194">
     <span class='ocr_line' id='line_1_26' title="bbox 429 4160 477 4194; baseline 0.042 -2"><span class='ocrx_word' id='word_1_191' title='bbox 429 4160 477 4194; x_wconf 74' lang='lat' dir='ltr'>nes.</span> 
     </span>
    </p>
   </div>
   <div class='ocr_carea' id='block_1_12' title="bbox 0 0 1960 5400">
    <p class='ocr_par' dir='ltr' id='par_1_13' title="bbox 0 0 1960 5400">
     <span class='ocr_line' id='line_1_27' title="bbox 0 0 1960 5400; baseline 0 6"><span class='ocrx_word' id='word_1_192' title='bbox 0 0 1960 5400; x_wconf 95' lang='lat' dir='ltr'> </span> 
     </span>
    </p>
   </div>
  </div>
 </body>
</html>
