3909 5400
936 664 1173 751 -267-
1280 663 1282 666 ’

501 861 609 946 genta
632 861 691 923 aut
711 857 794 922 sicut
815 855 1000 922 abortivum
1022 855 1240 920 absconditum
1251 876 1314 919 non
1337 855 1553 933 subsisterem,
1577 857 1631 922 vol

502 974 558 1058 qui
579 972 722 1056 ooneepti
742 990 806 1036 non
828 970 979 1036 viderunt
1002 969 1118 1035 lucem.
1141 969 1188 1033 Ibi
1211 970 1297 1054 impii
1319 975 1560 1036 cessaverunta
1582 978 1631 1035 tu-

504 1087 620 1170 multu,
644 1093 678 1152 et
700 1085 744 1150 ibi
778 1086 1012 1169 requieverunt
1034 1084 1109 1149 fossi
1131 1083 1260 1160 robore,
1284 1088 1318 1149 et
1339 1085 1495 1169 quondam
1534 1087 1631 1150 vincti

384 1217 386 1219 ·
503 1204 627 1288 pariter
650 1202 717 1266 sine
740 1200 895 1265 molestia.
921 1200 991 1265 Non
1014 1199 1188 1263 audieruut
1210 1219 1322 1264 vocem
1360 1202 1530 1264 exactoris.
1554 1201 1632 1264 Par·

505 1328 566 1372 vus
588 1311 621 1372 et
642 1325 777 1392 magnus
815 1304 858 1370 ibi
880 1309 965 1381 sunt,
989 1310 1023 1368 et
1044 1324 1159 1369 servus
1182 1309 1215 1369 et
1248 1304 1332 1369 liher
1354 1325 1374 1368 a
1393 1305 1530 1370 ¹Domino
1558 1325 1630 1369 suo.

504 1421 615 1494 Quare
637 1423 754 1486 misero
777 1419 850 1484 data
880 1423 930 1483 est
958 1418 1027 1494 lux,
1051 1423 1084 1483 et
1106 1420 1172 1483 vita
1194 1419 1253 1496 his,
1289 1422 1344 1504 qni
1367 1421 1398 1485 in
1419 1418 1632 1484 amaritudine

504 1528 629 1591 animae
651 1524 739 1590 sunt?
762 1523 824 1599 Qui
848 1527 1018 1608 expectant
1039 1529 1188 1598 mortem,
1213 1530 1247 1588 et
1268 1546 1331 1589 non
1354 1527 1451 1602 venit,
1475 1527 1566 1609 quasi
1589 1523 1632 1590 ef·

506 1631 660 1697 fodientes
681 1630 879 1705 thesaurum,
917 1629 1120 1713 gaudentque
1152 1629 1370 1707 vehementer,
1395 1651 1468 1695 cnm
1507 1633 1632 1694 invene

506 1748 573 1812 rint
594 1745 809 1831 sepulchrum.
833 1743 925 1819 Vir0,
958 1744 1050 1807 cuius
1071 1742 1253 1808 abscondita
1275 1749 1325 1809 est
1357 1746 1418 1820 via,
1442 1749 1476 1808 et
1497 1745 1632 1808 circum·

506 1859 592 1926 dent
613 1878 687 1924 eum
710 1859 795 1922 Deus
818 1856 967 1922 tenebris.
991 1856 1172 1940 Antequam
1187 1858 1327 1935 comedo,
1340 1861 1473 1943 suspiro,
1498 1863 1531 1924 et
1542 1860 1632 1942 quani

506 1972 693 2038 inundantes
714 1991 826 2055 aquae,
862 1973 907 2037 sic
929 1972 1057 2056 rugitus
1093 1993 1195 2050 meua,
1219 1976 1294 2058 quia
1316 1977 1422 2051 timor,
1461 1994 1556 2058 quem
1590 1977 1632 2038 ti-

506 2077 641 2154 mebam,
665 2079 773 2143 evenit
808 2077 894 2152 mihi,
919 2081 953 2141 et
975 2076 1059 2160 quod
1081 2077 1231 2155 verebar,
1264 2079 1385 2144 accidit.
1410 2079 1521 2143 Nonne
1543 2077 1632 2143 dissi-

507 2191 642 2258 muravit
665 2209 768 2256 nonne
791 2188 877 2255 siluit
908 2210 1013 2275 noune
1036 2191 1158 2276 quievi?
1183 2192 1225 2258 Et
1247 2195 1334 2258 venit
1365 2213 1462 2280 super
1485 2192 1632 2259 111111111Ιί-

505 2312 625 2397 guntin.

939 3149 1197 3412 W
