3909 5400
857 681 1092 761 -tut—

414 838 598 904 intentione
622 835 760 901 festinat.
785 835 867 902 Nam
904 833 1095 923 plerumque
1130 836 1279 902 nonnulli
1304 852 1429 903 terrena
1454 857 1533 922 prae-

416 954 479 1016 mia
502 967 666 1036 appetunt,
691 968 723 1014 et
748 950 902 1016 iustitiam
927 948 1118 1016 defendunt:
1154 973 1252 1038 seque
1281 953 1470 1018 innocentes
1495 974 1535 1016 ae-

415 1057 558 1132 stimant,
582 1070 613 1118 et
638 1076 705 1119 esse
730 1052 913 1120 defensores
936 1053 1141 1120 rectitudinis
1178 1054 1332 1122 exultant.
1357 1054 1485 1134 Quibus
1508 1060 1535 1121 si

416 1189 486 1252 spes
511 1171 636 1233 nummi
660 1166 868 1248 subtrahitur,
895 1192 911 1234 a
936 1167 1121 1235 defensione
1146 1171 1294 1256 protinus
1317 1172 1448 1237 iustitiae
1472 1193 1536 1236 ces-

417 1289 511 1338 satur:
537 1290 700 1338 ettamen
725 1272 909 1338 defensores
933 1295 968 1339 se
1007 1276 1137 1341 iustitiae
1177 1277 1331 1362 cogitant,
1353 1274 1478 1362 sibique
1502 1296 1537 1342 se

417 1405 524 1453 rectos
547 1406 702 1468 asserunt,
726 1390 780 1476 qui
804 1410 1009 1476 nequaquam
1034 1389 1274 1469 rectitudinum,
1300 1387 1358 1455 sed
1386 1409 1538 1454 nummos

419 1521 578 1588 quaerunt.
603 1503 694 1580 Quos
717 1519 831 1568 contra
866 1501 946 1568 bece
970 1524 1028 1589 pe:
1052 1503 1189 1588 ludcyscr,
1206 1502 1333 1568 dicitur:
1362 1527 1378 1565 ι(
1403 1502 1536 1582 iniuste,

420 1605 508 1694 quod
534 1610 652 1673 iustum
689 1626 736 1672 est
771 1610 957 1695 exequeris.
985 1635 999 1670 τι
1027 1608 1081 1695 (a)
1115 1604 1198 1674 Iuste
1231 1609 1349 1695 quippe
1375 1607 1460 1695 quod
1484 1609 1539 1672 iu-

420 1737 505 1784 stum
530 1738 576 1783 est
601 1722 780 1807 exequitur,
806 1723 860 1806 qui
884 1718 921 1784 ad
958 1719 1179 1786 defensionem
1209 1722 1349 1801 iustitiae,
1385 1744 1450 1785 nou
1476 1721 1539 1786 vir·

421 1828 497 1890 tutis
522 1824 739 1904 aemulatiooe,
778 1824 832 1889 sed
857 1846 966 1890 amore
1006 1827 1128 1912 praemii
1153 1826 1337 1912 :empcrclis
1372 1826 1539 1891 excitatur.

420 1930 556 2006 Iniuste,
581 1927 667 2015 quod
691 1930 810 1993 iustum
836 1946 883 1994 cst
906 1933 1086 2016 exequitur,
1127 1932 1180 2017 qui
1203 1931 1302 2015 ipsam
1342 1951 1437 2017 quarn
1460 1950 1541 2014 prae-

423 2033 527 2100 tendit
550 2036 703 2100 iustitiam
729 2031 924 2099 rrezaumdare
950 2036 1082 2100 crinitas
1121 2052 1259 2100 veretur.
1285 2035 1369 2100 Iuste
1393 2055 1472 2121 ergo
1495 2036 1542 2098 iu·

423 2158 509 2204 stum
534 2141 660 2225 exequi,
684 2156 732 2202 est
756 2140 788 2203 ir:
813 2142 1020 2204 assertionem
1045 2140 1173 2205 iustitiae
1197 2138 1344 2205 camdem
1368 2141 1471 2225 ipsam
1495 2141 1543 2203 iu-

425 2246 544 2309 stitiam
570 2265 723 2330 quaerere.
749 2244 840 2330 Saepe
863 2261 952 2310 recta
975 2245 1108 2330 agimus,
1125 2261 1158 2309 e:
1180 2246 1542 2333 nequaquam-praenaia,

424 2380 627 2444 nequaquam
663 2355 773 2423 laudes
796 2358 834 2424 ab
870 2357 1055 2424 horninibus
1094 2376 1314 2444 expectamus:
1355 2358 1413 2423 ced
1437 2376 1544 2423 tamen

426 2494 517 2537 meus
541 2474 572 2537 in
598 2473 645 2536 sui
668 2470 818 2536 fiduciam
843 2488 961 2551 erecta,
986 2470 1034 2537 iris
1059 2495 1075 2537 a
1100 2471 1215 2559 quibus
1234 2472 1312 2538 nihi
1336 2471 1546 2559 expetit,pla-

427 2599 497 2642 cere
525 2578 714 2654 coutemnit,
738 2596 852 2641 ectum
876 2576 993 2640 iudicia
1016 2575 1162 2661 despicit,
1186 2598 1284 2663 seque
1309 2576 1390 2643 male
1407 2575 1542 2642 liberam

428 2714 483 2778 per
508 2689 641 2776 abrupta
665 2689 810 2756 elationis
833 2692 925 2775 rapit·
950 2709 981 2753 et
1006 2691 1078 2755 iada
1103 2688 1159 2754 sub
1180 2691 1259 2756 vitio
1283 2692 1371 2776 peius
1387 2689 1545 2770 obruitur,

429 2803 514 2869 unde
539 2806 628 2891 quasi
654 2803 788 2870 devictis
815 2804 906 2882 vitlis,
933 2800 1030 2868 nulli:
1055 2824 1088 2867 se
1128 2803 1379 2889 appetiti-:nilus
1403 2803 1549 2869 subiace-

429 2931 463 2974 re
488 2908 652 2993 gloriatur.

498 3025 539 3105 46
554 3023 644 3107 Saepe
670 3020 745 3084 dum
772 3020 988 3105 nosmetipsos
1013 3041 1083 3105 prus
1107 3020 1191 3085 isare
1207 3020 1406 3100 discutimus,
1424 3019 1462 3087 de
1479 3022 1549 3107 ipso

432 3135 630 3198 discretionis
665 3131 772 3197 studio
811 3130 1013 3198 indiscretius
1036 3153 1179 3198 erramus
1218 3151 1250 3197 et
1275 3136 1392 3200 mentis
1431 3152 1549 3200 nostrae

432 3240 515 3305 acies
538 3259 603 3322 quo
629 3236 698 3321 plus
721 3257 853 3301 cernere
878 3238 998 3316 nititur¹
1036 3234 1235 3303 obscuratur:
1261 3240 1333 3324 quia
1358 3255 1389 3303 et
1414 3240 1469 3325 qui
1493 3240 1552 3304 im-

432 3361 571 3431 portune
595 3340 670 3406 solis
695 3340 799 3406 radios
824 3343 945 3426 aspicit,
981 3341 1183 3407 tenebrescit:
1208 3341 1338 3408 atinde
1363 3342 1441 3407 nihil
1465 3343 1553 3409 vide-

434 3471 468 3514 re
494 3445 705 3532 compellitur,
745 3444 830 3510 uode
862 3443 970 3510 videre
995 3443 1131 3530 ampliss
1168 3464 1310 3512 conatur.
1347 3447 1432 3524 Quia
1457 3447 1554 3533 igitur

434 3558 473 3626 ab
499 3560 705 3644 inquisitione
730 3577 839 3623 nostra
864 3575 1029 3643 torpentes
1053 3580 1112 3623 nos
1143 3562 1279 3624 omnino
1303 3561 1471 3624 nescimus:
1499 3578 1554 3625 aut

437 3675 461 3739 si
486 3671 595 3737 subtili
620 3694 678 3737 uos
701 3672 895 3737 discussione
930 3672 1130 3758 requirimus,
1155 3672 1346 3758 pierumque
1372 3676 1455 3736 inter
1479 3673 1556 3737 vitia

437 3790 638 3871 virtutesque
663 3784 850 3871 caligamus,
875 3802 962 3850 recte
987 3784 1145 3852 diciturzc
1172 3787 1313 3853 Etiamsi
1330 3785 1464 3870 simplex
1488 3784 1556 3849 fue-

437 3921 484 3976 ro,
510 3900 571 3963 hoc
596 3901 699 3983 ipsum
723 3897 883 3983 ignorabit
919 3901 1026 3964 anima
1051 3921 1131 3964 inea.
1158 3924 1174 3960 a>
1201 3904 1248 3965 Ac
1273 3901 1300 3964 si
1325 3914 1434 3984 aperto
1470 3895 1556 3963 dice·
1614 3943 1616 3948 -

438 4022 535 4069 retur:
561 4002 749 4069 Conditoris
774 4023 886 4069 contra
911 4027 962 4068 me
994 4002 1111 4073 iudicia
1151 4027 1213 4092 qua
1241 4008 1420 4071 temeritate
1443 4002 1558 4091 {redar-

438 4248 465 4307 a)
504 4245 585 4296 Deut.
608 4243 646 4295 16.
668 4260 709 4296 20.
