3909 5400
955 266 963 287 ι
1201 255 1371 287 ..........s,
1407 254 1437 265 ..
1465 251 1561 286 ..7..

950 315 1025 379 lirin
1053 313 1244 380 iniiunnnct:
1276 337 1314 379 ne
1335 313 1465 379 invidia
1489 333 1561 378 mor

951 417 1088 495 aemuli,
1114 439 1167 482 suu
1194 440 1226 482 sc
1253 416 1320 483 free
1349 436 1538 497 consuntut;

954 532 1099 613 qincitus
1127 530 1297 615 pertrahat,
1326 552 1461 614 euinque
1487 551 1563 615 usqt·

960 648 1009 707 nis
1034 643 1202 724 ostenden
1227 666 1265 709 ne
1291 643 1403 709 odium
1429 642 1548 708 malitia

955 756 1068 827 culum
1095 757 1329 823 maledictionis
1360 759 1475 822 irritet.
1501 755 1564 823 Rur

954 872 1014 935 teri
1042 868 1151 949 faciut,
1188 893 1268 958 quae
1295 874 1358 957 ipsu
1384 869 1445 935 sibi
1485 866 1553 933 fieri

955 985 1109 1048 nimirum
1137 1002 1170 1047 ut
1198 982 1287 1049 malis
1312 983 1407 1061 bona,
1431 999 1463 1047 et
1490 980 1565 1045 boni

956 1118 995 1180 gi
1019 1116 1171 1181 procaces
1196 1094 1479 1161 mansuetudinem
1505 1092 1567 1176 lonp

956 1208 1042 1274 litiae
1067 1228 1155 1294 peste
1180 1206 1409 1293 languentibus
1432 1210 1567 1293 gratiani

956 1320 1120 1385 discordes
1144 1342 1220 1406 pace
1245 1322 1261 1405 (
1269 1322 1300 1406 1)
1325 1321 1424 1397 uniat,
1449 1337 1481 1385 et
1507 1341 1568 1385 con

956 1454 1049 1499 verae
1075 1436 1159 1518 pacis
1182 1434 1336 1519 accingat:
1361 1451 1397 1495 ut
1422 1433 1569 1520 indigent

955 1544 1137 1610 errantibus
1162 1546 1245 1609 vitrn
1283 1542 1486 1610 rectitudinis
1520 1562 1570 1610 ost

959 1662 1183 1745 compassione
1209 1658 1349 1727 mulceat
1373 1678 1408 1723 ut
1432 1679 1570 1725 accenso

960 1777 1179 1861 increpatione
1219 1774 1274 1861 (2)
1299 1775 1485 1860 restinguat:
1511 1790 1546 1837 ut

957 1892 1049 1954 tione
1075 1889 1210 1973 mitiget:
1247 1904 1282 1951 ut
1307 1907 1536 1973 oppressorum

956 2022 1019 2086 ope
1043 1999 1138 2066 levet:
1174 2018 1209 2065 ut
1234 1997 1311 2065 foris
1336 2000 1558 2065 resistentibus

956 2132 1009 2179 tus
1032 2112 1292 2199 superbientibus
1327 2111 1475 2177 exhibeat
1501 2132 1573 2178 cunr

958 2250 1033 2313 erga
1071 2245 1174 2293 errata
1212 2225 1417 2291 subditorum
1455 2226 1574 2291 sicma

957 2362 1116 2427 quatenus
1138 2364 1155 2406 a
1179 2341 1317 2405 iustitiae
1341 2338 1449 2404 studio
1474 2361 1574 2404 none

957 2454 1006 2520 lus
1030 2454 1162 2533 ferveat,
1187 2478 1226 2519 ne
1250 2472 1357 2518 tamen
1383 2456 1509 2538 pietatis
1532 2452 1575 2517 lin

958 2574 995 2621 ut
1018 2560 1160 2644 ingratos
1184 2554 1347 2623 beneficiis
1369 2555 1408 2623 ud
1432 2578 1576 2622 amorem

959 2692 1021 2745 que
1047 2672 1231 2737 ministeriis
1256 2674 1289 2736 in
1315 2691 1423 2735 aurore
1449 2689 1568 2733 servet:
