3909 5400
669 642 995 793 s--sn—

311 877 372 925 tur.
397 859 561 926 Sed'dum
586 859 687 926 relicti
705 862 921 941 concutimur,
947 880 1088 946 eaquae
1113 858 1440 946 afflaticognovimus

310 963 460 1029 subtilius
493 966 560 1031 :iam
585 963 670 1030 dona
690 967 898 1051 ,gogitarnus
927 964 1019 1032 Unde
1047 964 1237 1059 subiungit:
1280 990 1296 1025 u
1319 967 1438 1030 Nonne

310 1067 395 1133 sicut
434 1068 484 1135 lac
509 1068 741 1156 mulsistime,
766 1087 798 1135 et
835 1072 920 1135 sicut
956 1090 1083 1135 caseum
1109 1093 1160 1159 me
1202 1069 1436 1154 coagulasti?»

311 1171 405 1236 Mens
429 1176 551 1238 etenim
586 1184 705 1253 ,nostra
730 1195 804 1239 cunr
830 1196 884 1259 per
919 1174 1024 1239 sancti
1058 1174 1197 1260 Spiritus
1230 1173 1364 1258 gratiam
1400 1169 1439 1238 ab

311 1298 370 1340 usu
396 1295 543 1344 vetustae
568 1281 826 1345 conversationis
849 1277 1054 1360 abstrahitur3
1078 1282 1160 1344 sicut
1185 1277 1232 1344 lac
1264 1278 1438 1364 mulgetur:
1484 1330 1488 1341 .

311 1380 365 1465 (1)
391 1385 462 1467 quia
488 1383 519 1447 in
545 1381 680 1469 quadam
698 1405 801 1448 novae
826 1381 1040 1449 inchoationis
1064 1381 1282 1448 teneritudine
1310 1399 1342 1446 et
1366 1379 1440 1446 sub-

311 1483 426 1550 tilitate
451 1483 620 1551 formatur:
648 1503 681 1551 et
705 1489 788 1552 sicut
824 1508 933 1553 caseus
958 1486 1161 1572 coagulatur,
1187 1489 1266 1573 quia
1306 1488 1337 1551 in
1359 1506 1440 1550 con-

311 1592 484 1675 stipatione
509 1592 746 1678 pinguescentis
772 1593 981 1678 cogitationis
1004 1591 1222 1678 adstringitur,
1263 1608 1299 1656 ut
1324 1611 1440 1676 nequa·

312 1716 407 1781 quam
433 1697 494 1761 iam
519 1717 576 1781 per
600 1694 757 1760 desideria
781 1680 913 1775 diffluat,
937 1693 992 1761 sed
1016 1698 1049 1761 in
1074 1716 1141 1761 uno
1176 1717 1286 1762 amore
1310 1717 1343 1762 se
1368 1693 1436 1759 col-

312 1799 424 1885 ligens,
449 1799 486 1865 ad
511 1799 644 1865 solidam
670 1799 937 1866 reformationem
961 1818 1084 1887 surgat.

380 1909 431 1985 96.
456 1903 651 1989 Plerumque
678 1927 755 1970 vero
781 1922 893 1969 contra
928 1906 998 1970 baec
1023 1906 1135 1972 eadem
1169 1904 1354 1971 rudimenta
1377 1905 1440 1990 spi-

313 2008 414 2074 ritalia
439 2031 478 2074 ex
503 2032 560 2075 usu
588 2016 689 2075 veteri
727 2031 801 2075 saro
826 2010 1078 2090 submurmurat,
1101 2027 1134 2076 et
1172 2032 1264 2075 mens
1288 2008 1370 2076 bella
1393 2027 1440 2074 to·

311 2113 392 2179 lerat
416 2136 455 2179 ex
479 2114 620 2209 homine,
639 2137 735 2202 quern
759 2113 837 2181 foris
862 2132 978 2201 portat.
1004 2112 1098 2181 Unde
1123 2115 1299 2202 subiungit:
1326 2139 1343 2177 u
1368 2113 1439 2180 Pel·

312 2220 341 2285 le
377 2236 409 2284 et
448 2219 597 2286 carnibus
634 2220 759 2286 vestisti
792 2242 897 2286 me.»
938 2219 1024 2287 Pelle
1060 2222 1177 2309 quippe
1225 2237 1257 2286 et
1292 2218 1440 2287 carnibus

312 2327 446 2390 interior
470 2325 570 2393 bomo
595 2326 738 2405 vestitur,
764 2327 836 2414 quia
859 2326 893 2392 ir.-
914 2326 1057 2413 eoquod
1081 2326 1119 2403 ad
1142 2330 1279 2414 supe‘rna
1296 2327 1439 2414 erigitur,

313 2428 486 2494 carnalium
516 2449 667 2495 motuum
705 2428 874 2496 obsidione
915 2429 1061 2497 vallatur.
1100 2431 1162 2497 Sed
1187 2434 1376 2499 tendentem
1400 2429 1440 2496 ad

312 2542 707 2633 iustitiam'nequaquam
733 2546 765 2611 in
802 2546 982 2611 tentatione
1019 2545 1180 2613 Conditor
1218 2547 1347 2623 deserit,
1384 2545 1439 2630 qui

314 2668 370 2733 per
393 2648 589 2718 inlusionem
624 2655 858 2740 gratianum
884 2649 939 2739 (2)
976 2671 1166 2739 peccantem
1192 2652 1360 2736 praevenit:
1384 2647 1440 2714 sed

312 2762 511 2832 sublevatam
551 2785 694 2832 mentem
720 2783 752 2832 et
792 2766 829 2831 ad
855 2764 937 2831 bella
964 2768 1105 2831 exterius
1128 2764 1223 2840 laxat,
1246 2781 1279 2830 et
1303 2747 1440 2829 interius¹

312 2874 456 2941 roborat.
482 2877 578 2944 Unde
602 2878 705 2945 adbuc
731 2896 804 2965 apte
830 2881 1048 2965 subiungitur:
1076 2904 1092 2941 «
1117 2877 1254 2945 Ossibus
1277 2896 1309 2944 et
1333 2878 1440 2943 nervis

315 2991 507 3074 compegisti
531 3013 595 3056 me.
622 3018 639 3053 a
680 2990 838 3058 Carnibus
861 3009 894 3057 et
931 2990 1014 3078 pelle
1050 2993 1215 3070 vestimur,
1239 2991 1292 3057 sed
1318 2990 1440 3060 ossibus

313 3092 498 3178 nervisque,
522 3095 771 3180 compingimur:
807 3097 882 3182 quia.
905 3098 964 3160 etsi
990 3098 1170 3161 tentatione
1195 3092 1271 3161 foris
1294 3098 1438 3162 irruente

315 3205 530 3285 concutimur,
554 3208 639 3272 intus
663 3205 770 3273 tamen
794 3230 854 3273 nos
878 3208 1065 3275 Conditoris
1089 3230 1202 3273 manus
1226 3207 1367 3287 roborat,
1393 3232 1434 3275 ne

313 3308 507 3395 frangamur.
543 3312 656 3378 Carnis
689 3312 796 3399 itaque
832 3311 974 3379 motibus
1008 3335 1068 3379 nos
1090 3312 1237 3380 humiliat
1266 3313 1305 3380 ad
1336 3313 1438 3380 dona:

312 3424 368 3488 sed
391 3445 447 3509 pet
472 3444 540 3490 ossa
565 3425 721 3490 virtutum
747 3423 877 3493 roborat
897 3443 1009 3493 contra
1032 3444 1242 3493 tentamenta.
1270 3429 1325 3494 Ait
1349 3448 1438 3513 ergo:

312 3528 368 3616 (1)
394 3554 410 3589 u
436 3529 540 3596 Carne
565 3548 597 3595 et
623 3529 704 3616 pelle
730 3533 853 3597 vestisti
877 3553 940 3612 me,
964 3531 1088 3599 ossibus
1123 3549 1155 3597 et
1180 3533 1287 3600 nervis
1312 3552 1440 3617 compe-

299 3802 330 3867 r)
366 3801 442 3852 Unus
461 3799 575 3852 Vindoc.
595 3817 657 3854 cum
678 3800 768 3855 Germ.
787 3815 815 3856 et
839 3801 921 3857 Corb.
941 3802 1032 3856 Germ.
1051 3802 1110 3873 quia
1129 3803 1156 3853 r'n
1184 3800 1290 3871 quadum
1306 3800 1426 3871 coagulo·

327 3897 400 3947 tionis
419 3911 484 3948 rrovn
503 3896 672 3949 teneritudine.
690 3896 763 3951 Alter
781 3898 893 3954 Vindoc.
911 3899 951 3952 cul
967 3899 1228 3952 consentiuntNorm.
1239 3899 1299 3968 quia
1317 3898 1345 3949 in
1362 3911 1424 3966 qua·

326 3991 384 4043 duan
404 4008 483 4043 rsonae
501 3992 683 4061 coagulationis
702 3994 872 4046 teneritudine.

307 4077 336 4144 4]
375 4077 481 4131 Gemet.
500 4078 637 4138 mendose,
656 4091 685 4130 ut
704 4096 853 4142 censemus,
870 4085 1020 4152 precantem

309 4169 338 4226 2)
375 4164 483 4219 Gemct.
499 4181 573 4218 cortu
590 4171 613 4217 et
628 4166 744 4237 pellibus.
763 4167 833 4223 Utis.
854 4168 916 4238 Lyr.
934 4168 1023 4240 Bigot.
1040 4169 1104 4240 pelle
1122 4176 1144 4222 ct
1162 4170 1283 4224 cornibus.
1305 4170 1341 4224 lta
1360 4184 1427 4238 quo·

329 4269 378 4322 que
398 4253 511 4308 Vindoc.
532 4255 632 4309 Bessan.
651 4255 767 4325 pellibus.
