3909 5400
865 689 1022 771 —807
1053 732 1101 747 -

418 846 501 912 Hinc
542 864 623 912 voce
662 841 768 932 angeli
804 841 844 911 ad
882 844 1038 911 loannem
1074 840 1202 908 dieitur:
1245 866 1262 904 a
1300 840 1410 910 Habes
1434 865 1543 930 pauca

419 950 553 1016 nomina
575 950 607 1015 in
631 948 747 1029 Sardis,
772 970 853 1036 quae
893 969 961 1014 non
987 948 1242 1035 inquinaverunt
1267 949 1459 1014 vestimenta
1490 970 1542 1013 su-

418 1085 445 1128 a.
471 1087 487 1123 a
513 1062 569 1148 (1)
593 1062 687 1129 More
711 1081 821 1128 aurem
846 1063 928 1129 sacri
952 1060 1087 1149 eloquii,
1113 1065 1309 1128 vestimenta
1333 1082 1441 1129 nostra
1479 1085 1539 1129 nos

422 1173 598 1241 abominari
621 1177 805 1242 referuntur
830 1226 839 1255 ,
863 1175 937 1263 quia
960 1174 1192 1243 abominabiles
1208 1177 1357 1243 reddunt:
1381 1182 1463 1244 sicut
1486 1201 1543 1264 per

420 1288 552 1353 Petrum
578 1310 710 1377 quoque
735 1289 773 1356 de
797 1287 874 1355 luda
898 1288 1028 1354 dicitur:
1056 1315 1072 1352 a
1096 1290 1159 1355 Hic
1185 1291 1325 1376 possedit
1349 1313 1463 1377 agrum
1502 1292 1542 1358 de

428 1398 576 1465 mercede
600 1403 785 1488 iniquitatis.
811 1428 826 1464 >i
838 1403 894 1491 (2)
917 1403 1032 1491 Neque
1057 1405 1145 1469 enim
1171 1421 1318 1490 emptum
1343 1406 1448 1491 pretio
1470 1427 1542 1471 san·

417 1515 523 1601 guinis
545 1536 658 1600 agrum
683 1515 773 1583 ludas
798 1515 957 1602 possidere
981 1513 1074 1601 figuli
1099 1517 1214 1601 potuit,
1256 1517 1316 1602 qui
1338 1515 1446 1581 relatis
1484 1518 1542 1582 tri-

419 1631 507 1715 ginta
529 1630 697 1715 argenteis,
722 1627 904 1695 traditionis
928 1630 1051 1695 crimen
1090 1632 1309 1697 criminosiori
1333 1632 1365 1696 in
1396 1653 1429 1696 se
1468 1652 1542 1717 pro-

418 1743 505 1807 tinus
529 1760 634 1808 morte
659 1741 819 1809 multavit:
844 1741 903 1809 sed
929 1743 1081 1829 possedit,
1106 1742 1232 1810 dictum
1257 1762 1318 1824 est,
1344 1744 1402 1831 (3)
1442 1745 1542 1830 possi·

419 1852 493 1920 dere
518 1853 604 1920 fecit.
629 1855 676 1921 lta
700 1855 763 1920 hoc
787 1854 870 1921 loco:
898 1881 914 1917 u
940 1855 1226 1924 Abominabuntur
1250 1880 1302 1923 me
1344 1858 1542 1924 vestimenta

419 1989 501 2047 mea,
519 1992 535 2030 a>
561 1967 617 2054 (4)
639 1967 766 2033 dicitur:
785 1965 1035 2034 abominabilem
1052 1969 1181 2052 lacient;
1194 1972 1268 2058 quia
1284 1971 1438 2036 nimirum
1462 1968 1541 2035 dum

419 2097 702 2147 contrementem
738 2077 884 2144 membra
922 2081 1123 2166 superbiunt3
1147 2082 1226 2149 dum
1250 2085 1352 2149 sancti
1392 2081 1543 2148 desiderii

419 2183 526 2249 studia
559 2185 783 2250 tentationum
806 2204 937 2250 suarum
973 2185 1170 2252 tumultibus
1205 2189 1451 2273 interrumpunt
1476 2237 1485 2266 ,
1507 2189 1541 2254 in

419 2298 487 2384 ipso
511 2318 570 2364 suo
598 2300 774 2364 certamine
814 2299 918 2385 posita
942 2300 1047 2366 anima
1073 2301 1234 2388 agnoscit,
1253 2318 1411 2387 quantum
1435 2299 1542 2368 adhuc

417 2408 643 2477 adivinitates
673 2409 872 2495 despicitur,
912 2431 986 2497 quae
1026 2413 1271 2498 correptionem
1308 2434 1398 2479 suam
1442 2410 1541 2499 plene

420 2545 575 2609 appetens
599 2527 757 2605 transire,
780 2524 837 2591 sed
861 2548 929 2591 non
966 2525 1077 2593 valens
1102 2577 1111 2607 ,
1136 2525 1191 2613 (ς)
1217 2523 1308 2592 foedo
1331 2524 1465 2611 pulvere
1488 2546 1544 2591 co·

416 2638 580 2723 gitatiouis
615 2639 810 2726 inquinatur.
845 2638 938 2707 Hanc
961 2641 1233 2707 vestimentorum
1261 2638 1540 2706 abominationem

421 2767 573 2829 senserat,
609 2752 664 2837 qui
697 2750 833 2817 dicebat:
875 2750 1025 2817 «Video
1062 2751 1156 2820 aliam
1179 2750 1286 2837 legem
1326 2752 1358 2816 in
1383 2749 1541 2814 membris

420 2864 500 2927 meis
523 2881 759 2949 repugnantem
783 2863 846 2949 legi
870 2865 990 2931 mentis
1014 2886 1106 2942 meae,
1130 2881 1164 2929 et
1203 2866 1369 2948 captivum
1394 2884 1446 2927 me
1486 2860 1542 2926 du·

421 2994 550 3041 centem
590 2978 623 3042 in
648 2976 720 3063 lege
743 2979 879 3065 peccati,
903 2999 976 3066 quae
1014 2978 1122 3043 estin
1146 2975 1301 3043 membris
1324 2977 1413 3042 meis.
1439 3000 1455 3039 u
1485 2976 1542 3063 (6)

420 3090 498 3156 Haec
522 3091 619 3157 etiam
644 3094 849 3173 vestimenta,
873 3092 907 3157 in
932 3089 1050 3180 quibus
1074 3089 1215 3178 perfecte
1239 3088 1365 3178 placere
1390 3111 1458 3157 non
1483 3110 1541 3176 po-

420 3218 512 3283 terat,
537 3200 731 3291 quanduque
766 3202 881 3272 melius
904 3201 1108 3285 resumenda,
1146 3201 1311 3292 deponere
1334 3200 1449 3269 festine
1486 3220 1542 3265 cu·

397 3543 792 3558 mnu-*mm

416 3586 445 3652 1)
480 3586 564 3653 Apoc.
586 3599 608 3653 3.
628 3600 706 3649 4.-
736 3586 764 3655 3]
800 3586 859 3640 Act
881 3601 904 3640 1.
925 3587 966 3641 18.

416 3682 446 3748 a)
481 3680 603 3751 Plerique
621 3698 682 3735 eum
702 3681 806 3737 Gemet.
825 3695 851 3738 et
870 3681 928 3736 aliis
945 3682 1037 3739 Norm.
1053 3682 1176 3757 possideri
1200 3683 1278 3754 serit,
1309 3681 1371 3739 Utic
1389 3696 1526 3756 utramque

432 3777 490 3832 lect.
510 3777 598 3832 habet.

417 3877 445 3941 3)
480 3874 554 3927 MSS.
573 3873 666 3928 Norm.
684 3874 786 3940 dicitur,
806 3890 835 3930 ac
852 3876 885 3929 sil
902 3875 1008 3940 dicatur,
1026 3876 1215 3930 abominabilem
1233 3883 1277 3931 etc.

412 3972 442 4033 4)
478 3971 580 4023 Bessar.
603 3971 804 4042 eorreptionem.

416 4059 446 4121 5)
483 4057 535 4110 Sic.
554 4058 660 4111 Tuton.
678 4058 784 4114 Gemet.
803 4071 853 4116 etc.
873 4060 918 4114 ubi
936 4075 990 4122 vet.
1009 4060 1050 4117 ed.
1072 4058 1169 4117 habent
1183 4061 1260 4130 faede
1288 4061 1400 4131 pulvere,
1419 4062 1482 4115 Coc
1500 4072 1528 4116 st

432 4168 486 4221 seq.
502 4152 578 4222 suedo
594 4153 710 4223 pulvere.

414 4237 443 4308 6)
479 4241 558 4296 Rom.
578 4252 602 4308 7.
623 4256 664 4310 η,
