3909 5400
864 746 911 758 ·-
944 701 1021 784 785
1052 746 1101 757 -

420 855 612 923 sententiam
626 852 740 923 iudicis
765 854 902 939 audiret,
915 830 970 945 dui
996 859 1051 925 ait:
1078 883 1093 918 a
1118 856 1192 923 Non
1208 856 1283 923 estis
1306 856 1410 923 locuti
1438 879 1546 926 torum

420 990 473 1033 me
498 956 651 1048 rectum]-
672 972 754 1035 sicut
779 990 892 1037 servus
916 992 1009 1036 meus
1032 968 1104 1035 Iob?
1141 995 1156 1031 a
1183 969 1239 1057 (t)
1275 970 1383 1037 Restat
1409 993 1487 1056 ergo
1513 988 1546 1036 ut

357 1162 360 1169 Ι
419 1080 526 1147 nullus
549 1085 688 1149 auctoris
711 1082 808 1151 verba
831 1083 1066 1170 reprehendere
1082 1081 1206 1162 audeat,
1232 1105 1446 1170 quae-constat
1473 1090 1547 1171 quia

419 1194 515 1260 iudex
539 1195 655 1262 laudat.
679 1194 743 1262 Sed
766 1214 859 1264 tanto
883 1201 915 1264 in
941 1201 1063 1265 intimis
1087 1200 1153 1265 suis
1176 1202 1301 1265 cautius
1334 1200 1547 1287 subtiliusque

343 1306 346 1313 '
419 1309 565 1378 rimanda
576 1311 631 1399 (2)
647 1329 731 1391 sunt,
757 1330 878 1398 quanto
902 1313 1012 1379 durius
1035 1312 1112 1378 foris
1135 1331 1261 1379 sonant.
1274 1313 1330 1378 Vir
1345 1318 1463 1378 etenim
1478 1336 1547 1379 sau·

420 1443 490 1490 ctus
513 1424 645 1492 humaui
668 1428 793 1512 generis
817 1425 934 1493 damna
958 1427 1173 1503 considerans,
1202 1425 1287 1492 unde
1313 1445 1344 1492 et
1360 1449 1424 1512 quo
1450 1450 1547 1493 uene·

419 1531 484 1594 rint
507 1552 652 1615 pensans,
684 1529 770 1616 quod
795 1529 907 1610 ltomo,
932 1529 1108 1617 pollicente
1132 1529 1325 1610 adversari0,
1356 1532 1432 1596 boni
1457 1531 1546 1598 mali·

420 1664 481 1729 que
505 1645 669 1708 scientiam
688 1662 842 1731 appetens
864 1645 956 1724 scire,
985 1642 1122 1730 perdidit
1146 1646 1242 1709 etiam
1267 1647 1489 1729 semetipsum,
1505 1649 1548 1711 ita

419 1774 456 1822 ut
495 1759 654 1823 veraciter
691 1757 785 1824 dicat:
812 1759 959 1824 «Etiam
997 1760 1023 1824 si
1045 1755 1181 1842 simplex
1216 1756 1318 1837 luem,
1342 1755 1405 1821 hoc
1443 1759 1546 1842 ipsum

419 1863 580 1949 ignorabit
604 1865 709 1931 anima
733 1862 1002 1950 mea:(3)»quod
1016 1881 1087 1949 post
1112 1860 1308 1946 expulsionis
1334 1884 1467 1948 peenam
1492 1863 1546 1928 lla-

418 1967 501 2054 gells
525 1970 894 2056 quoque-corruptionis
917 1970 1065 2046 sustinet,
1090 1984 1123 2032 et
1164 1966 1267 2033 adlruc
1292 1965 1329 2032 ad
1357 1970 1468 2044 carnis,
1494 1967 1546 2033 vel

419 2098 507 2146 certe
532 2079 570 2147 ad
609 2082 725 2146 mentis
764 2083 930 2146 interitum
959 2084 1056 2146 etiam
1082 2099 1156 2169 post
1193 2078 1395 2147 tormentum
1430 2082 1544 2161 tendit,

419 2211 456 2259 ut
479 2212 568 2259 recte
593 2192 685 2260 dicat:
714 2218 730 2256 a
756 2195 1015 2261 Etinnocentem
1040 2212 1072 2259 et
1098 2196 1234 2282 impium
1262 2186 1335 2280 'ipse
1370 2199 1546 2260 consumit:

421 2333 437 2368 a
485 2306 673 2373 Mediatoris
722 2325 837 2374 contra
883 2305 956 2372 haec
1002 2309 1137 2393 gratiam
1178 2306 1313 2394 requirit
1363 2305 1484 2371 dicens:
1526 2333 1542 2369 a

418 2411 451 2477 Si
474 2409 624 2497 flagellat,
640 2411 775 2503 'occidat
798 2410 908 2476 semel.
941 2436 957 2473 >r
984 2410 1052 2477 Nos
1076 2412 1163 2477 euim
1188 2415 1261 2498 quia
1273 2428 1304 2475 et
1328 2432 1345 2477 a
1370 2411 1546 2477 Deomen-

420 2542 451 2589 te
475 2524 671 2603 recessimus,
695 2541 729 2599 et
753 2494 912 2590 carne'ad
938 2523 1108 2611 pulverem
1132 2523 1284 2603 redimus,
1310 2546 1407 2610 poena
1436 2523 1542 2609 duplae

417 2631 531 2694 mortis
554 2614 792 2716 adstringimur.
831 2626 893 2694 Sed
920 2631 1009 2693 veuit
1044 2626 1084 2693 ad
1107 2649 1167 2693 nos
1191 2630 1245 2715 qui
1271 2626 1448 2714 pronubis
1474 2627 1544 2694 sola

419 2764 513 2808 carne
538 2761 732 2822 moreretur,
755 2744 810 2830 qui
832 2740 980 2827 simplam
1003 2763 1093 2807 suam
1118 2741 1223 2826 duplae
1238 2760 1360 2807 nostrae
1385 2733 1545 2827 iungeret,

417 2866 450 2913 et
474 2870 534 2914 nos
559 2847 598 2914 ab
622 2868 758 2935 utraque
782 2864 887 2912 morte
912 2846 1074 2912 liberaret.
1099 2847 1147 2911 De
1172 2867 1234 2933 qua
1257 2867 1313 2932 per
1338 2845 1473 2912 Paulum
1497 2846 1545 2911 di·

419 2963 512 3027 citur:
539 2986 555 3022 a
580 2961 679 3039 Quod
695 2979 805 3026 autem
831 2978 981 3024 mortuus
1003 2977 1050 3024 est
1077 2958 1133 3045 (4)
1147 2977 1294 3044 peccato,
1318 2977 1467 3023 mortuus
1489 2977 1538 3025 est

417 3075 527 3143 semel.
562 3101 578 3137 a
607 3076 662 3162 (5)
688 3076 812 3140 Damna
850 3093 929 3159 ergo
954 3073 1004 3138 vir
1026 3089 1158 3137 sanctus
1184 3089 1303 3137 nostrae
1327 3074 1544 3159 corruptionis

418 3182 560 3268 aspiciat,
584 3198 616 3246 et
636 3201 744 3260 unam,
761 3200 834 3267 quae
848 3178 925 3244 duas
949 3194 1076 3243 nostras
1100 3175 1252 3255 destruat,
1263 3195 1402 3244 mortem
1421 3176 1543 3243 Media·

418 3297 497 3361 toris
521 3310 654 3381 quaerat,
678 3310 776 3380 atque
800 3291 882 3358 hanc
905 3291 1096 3369 desiderans,
1122 3288 1219 3357 dicat:
1234 3291 1293 3359 asi
1317 3288 1465 3378 flagellat,
1489 3310 1544 3357 oc-

417 3398 501 3466 cidat
525 3397 633 3464 semel.
659 3424 675 3461 »

439 3537 481 3597 49
505 3511 568 3578 Sed
593 3533 670 3577 ecce
695 3511 784 3599 quasi
808 3508 983 3576 humilitati
1003 3510 1164 3588 renititur,
1189 3508 1276 3597 quod
1301 3511 1449 3595 protinus
1461 3493 1535 3574 sub-

417 3626 565 3714 infertur:
614 3650 630 3688 a
656 3628 695 3693 Et
722 3647 789 3692 non
814 3622 853 3691 de
878 3625 985 3714 poenis
1010 3624 1223 3690 innocentum
1248 3622 1360 3689 rideat.
1386 3648 1402 3685 n
1442 3623 1543 3702 Quod

419 3756 528 3805 tamen
543 3740 634 3805 valde
648 3738 866 3805 humillimum
879 3740 947 3804 sine
961 3735 1152 3805 difficultate
1171 3740 1410 3827 cognoscimus,
1433 3740 1460 3806 si
1485 3740 1543 3806 lruss

436 4008 727 4024 *um-numm

413 4054 441 4119 t)
477 4054 524 4105 lob
544 4068 568 4105 2.
588 4066 630 4119 47.
649 4080 682 4093 -
702 4057 730 4118 a)
767 4052 854 4107 Varie:
873 4052 996 4106 ornanda.
1015 4053 1049 4108 Et
1067 4054 1145 4125 paulo
1165 4052 1231 4108 insta
1244 4055 1361 4108 Maurina
1369 4053 1448 4109 habet
1468 4055 1531 4107 uarie

427 4150 587 4218 praevenerit
606 4175 641 4190 -
661 4149 687 4217 ς]
724 4150 779 4202 lob.
798 4163 840 4203 π.

410 4243 440 4312 a)
477 4246 554 4298 Rom.
575 4244 598 4297 6.
621 4261 661 4300 ιο.
682 4273 715 4286 -
737 4247 764 4313 5)
802 4245 885 4300 l'atie:
903 4256 949 4316 pra
965 4254 1070 4317 peccalo.
