3909 5400
412 324 590 412 ’gnitudinis
625 341 748 410 putant.
787 324 838 389 Sic
873 327 961 410 pravi
1002 322 1147 412 quilibet,
1172 324 1215 389 sic
1240 346 1354 390 omnes
1392 319 1537 391 haeretici

413 439 549 525 superba
576 440 668 503 roce'
697 436 846 521 meliore}
873 438 988 504 docere
1025 462 1090 505 non
1124 455 1286 504 metuunt:
1326 440 1400 525 quia
1423 461 1537 506 omnes

413 577 444 619 se
469 552 637 618 inferiores
662 552 871 619 arbitrantur.
908 580 911 587 ·

485 688 520 750 55
547 663 609 730 Sed
634 682 743 730 sanctu
769 665 907 731 Ecclesia
930 665 1031 731 elatos
1066 686 1211 753 quosque
1236 663 1275 729 ab
1312 665 1538 731 aestimationis

415 800 482 842 suae
508 777 648 843 culmine
682 797 826 858 revocat,
851 797 883 844 et
921 778 1124 845 discretionis
1148 801 1245 845 manu
1270 779 1308 845 ad
1347 777 1537 867 aequalitatis

414 902 605 968 compagem
632 881 800 949 roformat.
827 882 920 951 Unde
946 881 1059 949 beatus
1084 882 1233 971 Iob‚·qui
1257 881 1398 949 eiusdem
1416 901 1536 949 sauctae

415 983 567 1052 Ecclesiae
593 986 777 1051 membrum
801 1003 859 1066 est,
885 989 999 1054 videns
1022 987 1110 1076 quod
1148 991 1328 1056 amicorum
1354 1011 1445 1055 mens
1479 1006 1537 1075 pet

414 1097 512 1167 verba
535 1099 666 1186 prolatae
689 1099 877 1169 eruditionis
902 1102 1067 1183 intumuit,
1098 1102 1183 1201 illico
1208 1102 1386 1191 respoudit,
1415 1102 1535 1172 diceus:

560 1688 736 1813 ttrur
779 1693 1141 1825 utuuftttturt
1196 1695 1243 1816 B.
1286 1689 1388 1816 ΙΟΒ.

493 2319 499 2329 »
554 2345 569 2369 (
608 2276 1039 2345 ESPONDENSautomIob
1071 2276 1161 2342 uixit:
1186 2280 1273 2363 Ergo
1290 2300 1347 2342 ros
1371 2283 1447 2344 ostis
1471 2283 1536 2347 soli

422 2414 424 2461 ;
496 2378 525 2426 ”’
626 2393 777 2467 hominus,
817 2398 850 2455 ot
885 2390 1048 2455 vobiscum
1072 2392 1178 2454 oritur
1207 2392 1371 2475 rapientia?
1395 2394 1437 2457 Et
1457 2395 1534 2467 mihi

415 2512 465 2566 ost
485 2523 543 2567 our
564 2506 647 2567 sicut
669 2509 702 2567 ot
725 2503 822 2578 vobio,
859 2522 918 2568 noc
941 2504 1075 2568 inferior
1112 2506 1213 2567 rostri
1235 2526 1317 2569 sum.
1351 2505 1429 2579 Quis
1451 2510 1536 2572 onim

415 2608 503 2683 haec,
528 2628 609 2691 quan
632 2610 755 2684 nostis,
779 2607 919 2693 ignorati
958 2607 1020 2681 Qui
1043 2607 1208 2673 deridetur
1230 2610 1270 2674 ab
1292 2612 1394 2674 arnico
1417 2632 1475 2675 suo
1498 2614 1536 2676 si·

414 2720 471 2779 out
493 2735 561 2799 ogo,
600 2715 760 2780 invocabit
781 2713 892 2789 Duum,
917 2721 950 2780 ot
976 2715 1126 2780 oxaudiot
1148 2736 1232 2780 oum.
1258 2717 1428 2782 Deritlotur
1451 2720 1534 2782 onim

415 2829 490 2893 iusti
512 2828 702 2912 simplicitur,
726 2830 845 2914 lampas
867 2834 1046 2914 contempta
1069 2831 1151 2914 apud
1174 2833 1379 2914 cogitationes
1401 2833 1534 2897 diuitum

414 2947 526 3027 paratu
548 2943 587 3006 ad
610 2948 735 3027 tompus
756 2949 885 3008 statum.
908 2944 1080 3009 Abundnnt
1103 2946 1307 3011 tabernaculo
1329 2949 1534 3032 praedonum,

415 3063 449 3122 ot
485 3057 637 3122 audacter
671 3063 845 3141 provocant
878 3055 991 3135 Deum,¹
1025 3079 1097 3124 cum
1133 3062 1197 3145 ipso
1219 3061 1343 3126 ‹torlurit
1377 3066 1482 3127 omnia
1503 3065 1535 3127 in

414 3183 527 3228 munus
550 3180 672 3228 uorum.
697 3160 855 3226 Nimirum
890 3166 1055 3249 interroga
1081 3167 1231 3240 iumenta,
1256 3172 1289 3230 ot
1310 3167 1472 3237 docebunt
1491 3173 1533 3242 to,

416 3280 450 3338 ot
472 3274 613 3339 volatilia
634 3274 726 3353 oooli,
765 3280 798 3339 ot
821 3275 1001 3342 indicabunt
1024 3276 1090 3341 tibi.
1114 3279 1402 3361 Loquorotorrao,
1427 3285 1461 3345 ot
1483 3301 1535 3346 re·

414 3391 577 3475 rpondobit
599 3391 665 3468 tibi,
688 3397 725 3466 ot
744 3392 922 3458 narrabunt
942 3394 1042 3477 pisces
1065 3394 1172 3456 maris.
1195 3391 1273 3465 Quis
1296 3394 1423 3478 ignorat
1451 3394 1535 3477 quod

414 3500 520 3562 omnia
557 3498 634 3562 hano
671 3515 784 3562 manus
821 3498 945 3564 Domini
977 3498 1105 3564 socoriti
1128 3500 1163 3563 In
1185 3501 1276 3564 cuius
1313 3519 1408 3565 manu
1431 3501 1536 3564 anima

415 3614 516 3677 omnis
538 3614 682 3686 vivont-is,
707 3619 740 3678 ot
762 3615 892 3698 spiritus
929 3615 1097 3678 universae
1112 3615 1234 3708 ‚carnis
1256 3614 1400 3678 hominis,
1425 3601 1535 3678 Nonno
1566 3605 1572 3614 “

416 3730 509 3819 uuris⁴
542 3725 642 3793 rurba
664 3725 821 3805 diiudicat,
846 3733 879 3794 ot
901 3728 1009 3794 sauros
1031 3729 1222 3795 comedentis
1243 3727 1403 3812 mporemt
1427 3728 1461 3793 In
1484 3748 1536 3793 an-
