3909 5400
864 649 1102 731 -797-

416 818 495 883 eiter
521 829 694 882 transeunt:
720 812 794 900 quia
817 830 883 899 quo
907 809 970 874 ima
995 805 1148 894 petimus,
1173 820 1212 866 eo
1236 798 1408 865 subsistere
1443 799 1477 863 in
1502 796 1547 862 vi·

418 940 450 985 ta
473 917 695 1006 prohibemur.

482 1027 535 1091 60.
560 1022 622 1089 Sed
647 1042 722 1087 cum
746 1018 825 1084 haec
849 1034 923 1082 ante
949 1014 1067 1081 mentis
1099 1008 1213 1077 oculos
1248 1009 1401 1073 continua
1426 1006 1547 1091 cogita·

413 1130 503 1193 tione
527 1125 741 1205 revolvimus,
781 1121 869 1189 duris
891 1122 982 1188 taciti
1020 1114 1264 1205 quaestionibus
1302 1132 1468 1198 urgemur,
1492 1131 1549 1174 cur

413 1235 623 1320 omnipotens
646 1231 735 1298 Deus
759 1227 906 1295 condidit
931 1246 1029 1313 quem
1053 1225 1233 1311 periturum
1273 1240 1339 1285 esse
1364 1214 1549 1304 praescivit?

418 1367 475 1412 cur
500 1348 536 1425 is,
561 1347 614 1431 qui
638 1364 766 1410 summe
791 1359 905 1427 potens
928 1357 961 1405 et
986 1359 1111 1404 summe
1137 1334 1241 1402 bonus
1265 1351 1324 1412 est,
1340 1331 1550 1420 [nequaquam

415 1458 523 1524 voluit
545 1457 714 1523 hominem
740 1455 837 1522 talem
862 1452 976 1532 facete,
1002 1451 1058 1539 qui
1091 1451 1198 1537 perire
1223 1445 1440 1534 nous‘posset?
1464 1443 1551 1508 Cum

421 1593 501 1637 vero
526 1570 604 1637 haec
646 1570 743 1636 tacita
767 1588 859 1633 mens
897 1568 1087 1649 interrogat,
1122 1578 1230 1646 pavet,
1254 1581 1295 1625 ne
1321 1560 1390 1644 ipso
1415 1559 1552 1621 interro·

415 1678 554 1763 gationis
576 1695 653 1740 ausu
678 1675 711 1739 in
729 1670 912 1759 superbiam
937 1686 1095 1755 erumpat:
1119 1689 1218 1754 seque
1257 1663 1424 1730 humiliter
1463 1681 1552 1725 com·

415 1779 537 1865 primit,
571 1775 626 1864 (r)
657 1793 689 1843 et
713 1776 929 1860 cogitationes
952 1794 1024 1838 suas
1049 1771 1224 1856 restringit.
1263 1769 1327 1835 Sed
1361 1790 1400 1834 eo
1424 1774 1554 1856 gravius

416 1880 577 1968 affligitur,
602 1900 667 1968 quo
690 1880 775 1945 inter
808 1876 890 1944 mala
914 1898 994 1965 quae
1017 1875 1164 1953 sustinet,
1189 1874 1286 1940 etiam
1304 1873 1554 1963 dejconditionis

416 2016 490 2059 suae
504 1993 696 2060 abscondito
722 1989 902 2058 intellectu
929 1991 1102 2055 cruciatur.
1129 1987 1223 2056 Unde
1249 1988 1301 2053 hic
1325 2012 1456 2078 quoque
1481 2010 1554 2078 apte

416 2105 630 2192 subiungitur:

510 2263 611 2345 Cum
638 2263 785 2346 dixero:
814 2261 1087 2371 Nequaquam
1115 2264 1176 2343 itu
1192 2262 1351 2370 loquum
1381 2290 1554 2347 commu·

424 2393 463 2467 to
493 2386 636 2489 faeiem
663 2412 799 2489 manat,
828 2383 1023 2467 cidelare
1053 2391 1254 2493 torqueor.

442 2542 748 2718 &Nequaquam
774 2630 894 2718 quippe
921 2650 981 2694 nos
1006 2631 1048 2694 ita
1065 2627 1186 2695 debere
1211 2629 1301 2717 loqui
1318 2627 1463 2710 dicimus,
1485 2651 1560 2696 cum

421 2762 550 2809 nostrae
574 2740 772 2809 infirmitatis
797 2743 985 2809 modumea
1012 2745 1226 2830 inquisitione
1244 2763 1460 2825 transeuntes,
1485 2768 1560 2812 nos·

420 2859 575 2943 metipsos
614 2879 733 2943 pavore
763 2856 1058 2945 reprehendimus,
1089 2876 1123 2923 et
1156 2879 1313 2944 supernae
1348 2861 1554 2926 reverentiae

422 2959 679 3026 consideratione
693 2959 901 3027 refrenamus.
928 2961 965 3050 ht
989 2981 1051 3049 qua
1075 2960 1289 3028 refrenatione
1319 2961 1448 3028 scilicet
1471 2986 1560 3029 meu·

421 3073 462 3137 tis
487 3089 615 3139 nostrae
638 3071 737 3140 facies
760 3090 991 3139 commutatur:
1016 3074 1194 3160 quinquae
1226 3077 1316 3160 prius
1339 3096 1407 3140 non
1431 3077 1560 3162 capiens

422 3183 579 3252 audenter
603 3207 730 3252 summa
752 3184 947 3273 requirebat,
971 3186 1194 3254 infirmitatem
1225 3210 1314 3255 suam
1339 3189 1550 3275 postmodum

423 3309 611 3374 agnoscens,
636 3292 783 3357 venerari
807 3290 937 3356 inchoat
972 3288 1060 3378 quod
1086 3293 1223 3379 ignorat.
1247 3293 1309 3360 Sed
1324 3297 1354 3360 in
1370 3296 1437 3380 ipsa
1463 3315 1552 3360 com·

423 3402 607 3467 mutatione
632 3400 725 3468 dolor
750 3422 807 3470 est:
832 3403 906 3489 quia
935 3404 1027 3471 valde
1051 3403 1215 3492 affligitur,
1256 3408 1410 3494 quoniam
1434 3409 1556 3493 primae

425 3514 537 3601 culpae
562 3519 679 3582 merito
703 3516 741 3583 ad
767 3517 976 3604 intelligenda
999 3541 1046 3598 ea,
1072 3541 1151 3606 quae
1167 3518 1206 3584 de
1231 3519 1287 3607 (1)
1311 3522 1376 3606 ipsa
1392 3539 1467 3586 sunt
1493 3540 1560 3586 cae·

427 3646 533 3693 catur.
559 3631 651 3707 Quae
676 3630 804 3716 patitur,
830 3633 910 3697 iusta
933 3653 1002 3697 esse
1027 3631 1220 3699 considerat.
1244 3632 1355 3711 Pavet,
1381 3655 1421 3698 ne
1445 3634 1479 3699 in
1503 3632 1561 3699 do-

424 3742 494 3808 lore
518 3766 575 3831 per
600 3744 764 3811 licentiam
789 3745 963 3812 locutionis
987 3745 1130 3812 excedat.
1155 3746 1216 3812 Ori
1240 3744 1406 3811 silentium
1430 3744 1559 3826 indicit,

426 3846 482 3912 sed
507 3850 668 3916 excitatus
691 3848 786 3916 dolor
812 3872 853 3915 eo
876 3847 955 3938 ipso,
981 3873 1046 3938 quo
1081 3853 1298 3938 restringitur,
1332 3869 1479 3938 augetur.
1503 3853 1562 3919 Di·

422 4213 450 4276 a)
487 4210 548 4279 Lyr.
569 4211 657 4280 Bigot.
676 4211 747 4266 Utic.
767 4227 794 4263 aa
813 4225 875 4280 quae
892 4209 920 4262 de
938 4212 1015 4281 teipsa
1033 4217 1098 4263 sunt.
