3909 5400
832 589 989 672 -895
1020 633 1066 648 «-

408 746 518 812 traxit:
544 747 617 833 quia
635 747 665 812 si
696 745 845 814 vanitatis
868 745 963 834 culpa
997 767 1201 835 nequaqnam
1225 762 1318 813 caute
1355 745 1533 834 compesci·

414 866 476 928 tur,
501 849 538 916 ab
562 852 729 938 iniquitate
754 852 901 937 protinus
925 872 1020 917 mens
1042 850 1171 917 incauta
1205 848 1414 931 devoratur,
1442 849 1534 918 Salo-

413 975 512 1020 mone
536 971 721 1034 attestante,
760 957 816 1043 qui
839 957 893 1022 ait:
921 979 937 1017 n
962 956 1029 1034 Qui
1069 951 1197 1020 modica
1220 955 1351 1041 spernit,
1377 952 1533 1040 paulatim

414 1057 544 1125 decidit.
558 1060 613 1146 (1)
630 1086 646 1124 u
672 1061 705 1127 Si
721 1063 808 1127 enim
834 1081 942 1127 curare
987 1082 1085 1147 parva
1103 1057 1297 1146 negligimus
1309 1057 1535 1125 insensibiliter

414 1171 549 1253 seducti,
572 1172 726 1240 audenter
749 1177 846 1242 etiam
870 1176 991 1241 maiora
1015 1191 1251 1260 perpetramus.
1276 1172 1315 1238 Et
1339 1171 1531 1251 notandum,

415 1277 502 1363 quod
526 1301 591 1344 non
618 1278 729 1360 videri,
754 1281 811 1348 sed
837 1277 1031 1348 considerari
1061 1281 1212 1365 iniquitas
1252 1277 1380 1343 dicitur.
1404 1277 1536 1343 Studio·

413 1384 479 1448 sius
504 1386 621 1470 qqupe
648 1386 877 1471 conspicimus,
902 1407 983 1472 quae
1022 1382 1274 1450 consideramus.
1298 1382 1386 1446 Deus
1426 1384 1534 1469 itaque

413 1488 582 1554 hominum
609 1491 783 1556 vanitatem
808 1493 911 1570 novit,
935 1490 1139 1576 iniquitatem
1164 1486 1360 1569 considerat,
1384 1489 1458 1574 quia
1472 1507 1533 1553 nec

414 1602 540 1669 minora
564 1600 680 1670 delicta
703 1602 805 1670 inulta
828 1602 956 1684 deserit,
981 1622 1013 1669 et
1045 1601 1083 1668 ad
1108 1602 1228 1668 maiora
1252 1599 1395 1666 ferienda
1429 1621 1463 1665 se
1487 1603 1534 1667 in·

413 1716 535 1781 tentius
558 1717 706 1803 accingit.
731 1718 817 1795 Quia
840 1718 936 1803 igitur
959 1740 977 1784 a
1000 1713 1177 1782 levioribus
1200 1711 1291 1780 malis
1315 1715 1477 1799 incipitur,
1502 1730 1535 1779 et

415 1818 453 1885 ad
476 1821 622 1906 graviora
645 1823 843 1906 pervenitur:
868 1823 993 1887 vanitas
1018 1837 1163 1886 mentem
1177 1817 1355 1898 obnubilat,
1381 1819 1535 1904 iniquitas

416 1939 532 1988 caecat.
557 1924 650 2002 Quae
675 1925 827 1990 nimirum
853 1945 944 1990 mens
968 1925 1085 1989 amisso
1108 1944 1186 1989 mox
1208 1921 1343 2001 lumine,
1385 1939 1476 1987 tanto
1499 1942 1534 1987 se

414 2023 509 2092 altius
533 2048 589 2112 per
612 2045 775 2093 tumorem
799 2029 916 2116 erigit,
955 2046 1078 2115 quanto
1102 2044 1135 2093 et
1163 2028 1341 2114 iniquitatis
1377 2042 1466 2112 capta
1490 2022 1535 2091 la·

415 2132 513 2218 queis,
538 2155 555 2199 a
579 2135 714 2200 veritate
738 2133 866 2221 longius
889 2132 1021 2200 recedit.
1047 2133 1141 2213 Unde
1165 2150 1199 2201 et
1222 2149 1296 2219 apte
1310 2151 1441 2219 qunque
1466 2149 1533 2217 quo

416 2245 537 2311 vanitas
560 2265 635 2310 cum
660 2246 827 2336 iniquitate
844 2243 1019 2333 pertrahat,
1034 2246 1198 2334 exprimit:
1216 2264 1291 2312 cum
1307 2261 1442 2333 tepente
1465 2241 1536 2310 sub-

410 2366 531 2435 uungtt:

835 2598 987 2666 CAPUT
1012 2600 1099 2667 XIII.

500 2843 676 2928 Vaniias
704 2845 901 2929 audacem
930 2874 982 2929 ex
1011 2846 1132 2954 eulpa
1159 2846 1305 2931 reddit.

505 3190 583 3273 Vir
611 3219 738 3276 vanus
766 3195 810 3276 in
838 3197 1069 3301 superbiam
1097 3202 1287 3307 erigetur.

480 3538 550 3608 mi*

436 3570 678 3714 ffiffanitatis
708 3626 825 3715 quippe
855 3622 929 3693 finis
966 3643 1023 3708 est,
1050 3643 1085 3693 ut
1108 3648 1183 3694 cum
1219 3645 1353 3715 peccato
1392 3648 1536 3698 mentem

412 3742 542 3821 sauciat,
567 3740 647 3808 hanc
671 3763 712 3807 ex
734 3741 826 3831 culpa
842 3740 995 3810 audacem
1021 3741 1152 3811 reddat:
1178 3760 1336 3831 qnatenus
1359 3745 1407 3810 sni
1431 3763 1537 3813 reatus

418 4063 445 4077 111
448 4064 736 4078 nm

415 4152 442 4221 ι)
483 4150 561 4205 Eccli.
582 4164 622 4218 19.
642 4166 665 4203 r.
