3909 5400
1994 267 2311 321 UUCln‘2Us3
2359 267 2407 304 Sl
2456 267 2796 316 nescimus,
2846 267 3072 302 1111111111

2000 350 2255 412 virtutis
2306 368 2453 410 suae
2505 346 2899 409 conscientia
2950 366 3073 407 uon

2000 464 2129 523 Aut
2179 460 2318 544 quis
2365 478 2618 522 rursum
2669 456 2913 523 bonum
2965 460 3029 522 in

2004 592 2227 639 contra
2275 591 2543 658 utraque
2593 572 2744 660 quid
2816 592 3073 657 superes

2002 677 2262 744 sciendo
2311 678 2693 744 nesciamus?
2741 695 2810 741 ut
2859 676 3014 741 haec
3063 700 3073 738 ι

2007 802 2323 870 quatenus
2375 800 2439 845 et
2489 780 2565 846 ad
2613 781 2971 846 custodiam
3019 801 3073 843 se

2007 887 2264 964 tudinis,
2314 904 2379 950 et
2428 887 2491 950 in
2539 905 2866 949 tumorem
2917 905 3048 948 nou

2010 998 2133 1065 Sed
2182 1016 2332 1064 sunt
2381 994 2715 1074 nonnulla,
2766 1017 2927 1082 quae
2975 996 3072 1059 sci

2013 1113 2166 1176 tiam
2215 1131 2364 1174 cum
2414 1124 2749 1193 geruntur.
2793 1106 2962 1173 Nam
3007 1128 3072 1172 sa

2016 1225 2352 1310 quentium
2402 1219 2619 1307 culpas
2666 1218 3073 1285 accendimur

2016 1353 2109 1403 tas
2157 1357 2267 1422 per
2314 1337 2471 1400 iram
2521 1334 2824 1418 rapimur,
2873 1332 2997 1397 hoc
3047 1355 3072 1397 2

2016 1461 2285 1506 mainus.
2333 1440 2533 1525 Saepe
2583 1435 2871 1503 officium
2951 1458 3073 1523 prm

2023 1545 2146 1611 hoc
2192 1544 2510 1611 fraternae
2562 1541 2822 1608 utilitati
2869 1544 3073 1609 servia

2023 1660 2302 1747 quimur,
2380 1678 2789 1744 nequaquam
2838 1654 3073 1721 libente

2024 1768 2322 1850 Cumque
2372 1762 2619 1849 placere
2669 1783 2854 1827 mens
2934 1760 3073 1826 utili

2027 1875 2319 1961 propriae
2370 1875 2643 1960 turpiter
2690 1870 2940 1953 defluit3
2986 1889 3050 1936 et

2026 1977 2147 2047 lios
2194 1977 2453 2047 curabat
2499 2000 2745 2058 eruere,
2794 1980 2924 2065 ipsa
2969 1979 3073 2042 sui:

2031 2087 2231 2164 Quasi
2280 2082 2676 2150 latrunculus
2725 2088 2962 2169 quippe
3009 2104 3073 2146 es

2033 2217 2216 2265 recto
2265 2200 2493 2263 itinere
2543 2194 2983 2281 gradientibus
3031 2214 3064 2260 e

2036 2303 2276 2367 educto
2325 2300 2539 2388 gladio
2585 2297 3017 2386 gradientium

2035 2416 2190 2481 sitae
2243 2415 2537 2481 utilitatis
2586 2416 2861 2479 intentio
2910 2411 2987 2479 ad
3034 2432 3073 2475 si

2042 2527 2124 2594 do
2174 2527 2373 2593 modo
2426 2549 2627 2593 unum
2678 2528 2980 2613 idemque
3031 2546 3070 2590 o

2041 2643 2391 2709 inchoavit.
2441 2645 2642 2729 Saepe
2691 2660 2755 2709 et
2805 2639 2880 2707 ab
2931 2641 3073 2727 ipsis
