3909 5400
815 666 1148 779 fana-u

412 824 489 899 nint,
528 819 615 908 quod
640 819 784 909 reprobis
820 822 947 888 Veritas
971 821 1059 890 dicit:
1098 847 1113 883 «
1140 819 1302 887 Discedite
1327 845 1343 888 a
1369 844 1419 888 rne
1444 820 1539 890 ntale-
1598 810 1601 815 ¹

413 935 492 998 dicti
518 937 550 1001 in
588 940 696 1021 ignem
724 922 891 1014 aeteraurn',
909 910 970 1022 'qui
997 955 1128 1022 parutns
1152 954 1204 1000 est
1234 934 1370 1002 diabolo·
1387 955 1419 1001 et
1443 961 1538 1025 ange·

412 1038 450 1104 lis
475 1043 573 1105 eius.»
592 1040 808 1126 (1)Quorum
823 1043 1093 1107 rursusomnium
1112 1062 1227 1135 corpus
1251 1042 1282 1106 in
1298 1044 1390 1107 unius
1403 1064 1539 1127 persona

413 1152 611 1239 significans,
651 1156 737 1219 dicit:
766 1178 781 1214 α
807 1154 918 1240 Ligate
943 1156 973 1218 ei
1012 1176 1125 1221 manus
1148 1169 1181 1221 et
1222 1152 1327 1240 pedes,
1351 1172 1383 1220 et
1419 1157 1537 1221 mittite

412 1281 486 1322 eunt
513 1260 544 1323 in
586 1257 734 1329 tenebras
758 1260 947 1323 exteriores.
974 1284 990 1320 n
1016 1258 1075 1345 (2)
1099 1259 1131 1325 Si
1167 1259 1274 1346 itaque
1300 1260 1470 1353 ignislqui
1496 1284 1540 1326 re·

414 1370 532 1457 probos
574 1376 707 1450 cruciat,
744 1369 995 1438 lumenhabere
1036 1374 1205 1458 potuisset,
1233 1375 1260 1438 is
1285 1376 1341 1459 qui
1364 1372 1538 1460 repellitur,
1603 1458 1605 1463 Ι

413 1498 619 1564 nequaqnam
635 1479 719 1542 rnirti
747 1479 778 1542 in
803 1476 952 1542 tenebras
975 1475 1148 1544 diceretur.
1172 1478 1258 1543 Hinc
1282 1480 1378 1545 etiam
1404 1478 1540 1544 Psalmi-

412 1610 459 1657 sta
475 1595 534 1657 'nin
563 1617 578 1653 r<
604 1593 705 1677 Super
729 1613 787 1657 eos
811 1589 928 1656 cecidit
955 1594 1048 1677 ignis,
1074 1611 1107 1656 et
1130 1614 1197 1657 non
1216 1591 1366 1657 viderunt
1391 1591 1504 1658 solem.
1521 1619 1536 1655 n

414 1702 469 1789 (3)
494 1703 579 1788 Ignis
614 1706 699 1768 enirn
735 1725 830 1788 supet
869 1696 986 1789 iinpios
1009 1702 1195 1782 cadit„sed
1218 1703 1266 1769 sol
1301 1706 1377 1792 igne
1398 1703 1538 1770 cadente

414 1812 480 1872 noir
506 1811 661 1873 cernitur:
686 1807 746 1894 (4)
771 1810 845 1894 quia
869 1830 935 1894 quo
959 1807 1055 1886 illos,
1080 1808 1236 1894 gebenna:
1275 1806 1404 1874 flamma
1439 1807 1539 1874 devo-

414 1930 472 1989 rat,
509 1912 677 2011 avisione
704 1913 771 1978 veri
807 1910 939 1976 lurninis
973 1929 1094 1978 caecat:
1141 1928 1177 1974 ut
1217 1929 1248 1975 et
1272 1909 1416 1976 ioriseos
1447 1911 1539 1977 dolor

415 2026 649 2093 combustionis
686 2027 820 2103 crucier,
856 2042 888 2091 et
928 2026 1015 2090 intus
1053 2046 1150 2108 poena
1190 2024 1352 2111 caecitatis
1377 2023 1537 2090 obscuret:

415 2151 577 2218 quatenns
614 2134 667 2218 qui
694 2132 818 2196 auctori
832 2152 890 2195 suo
915 2147 947 2194 et
976 2150 1114 2216 corpore
1139 2144 1173 2194 et
1196 2127 1293 2193 corde
1318 2127 1539 2215 deliquerunt,

415 2237 565 2303 simulet
591 2258 726 2323 corpore
751 2253 782 2301 et
807 2235 905 2301 corde
930 2238 1114 2322 puniantur,
1139 2252 1172 2299 et
1207 2233 1384 2320 utrobique
1423 2257 1539 2321 poenas

415 2344 564 2407 sentiant:
604 2340 760 2429 quidum
800 2340 850 2406 bic
880 2347 1054 2419 viverent,
1090 2341 1196 2426 pravis
1220 2341 1285 2405 suis
1319 2337 1540 2406 delectationi·

416 2445 474 2511 bus
498 2468 538 2510 ex
562 2466 699 2533 utroque
735 2443 929 2512 serviebant.
957 2444 1051 2511 Unde
1076 2444 1157 2510 bene
1183 2466 1237 2531 per
1271 2444 1469 2529 Prophetarn
1495 2443 1542 2509 di·

416 2563 509 2626 citur:
551 2551 843 2626 «·Descenderunt
868 2562 899 2625 in
924 2559 979 2646 (ς)
1005 2558 1166 2624 iniernunr
1193 2580 1267 2623 curn
1303 2559 1400 2623 atnris
1423 2561 1496 2623 suis.
1523 2584 1538 2619 n

415 2664 472 2752 (6)
497 2671 595 2732 Arina
619 2668 737 2753 qnippe
762 2666 966 2752 peccantium
1006 2682 1080 2728 sunt
1120 2660 1262 2727 membra
1292 2663 1449 2746 corporis,
1474 2663 1541 2747 qui·

404 2770 480 2837 bus
504 2793 652 2856 perversa
676 2769 856 2850 desideria,
881 2789 961 2853 quae
994 2769 1181 2850 concipiunt
1220 2783 1448 2850 exequuntur.
1476 2766 1542 2831 Un-

416 2882 456 2948 de
492 2901 584 2946 recte
625 2904 681 2968 per
724 2880 858 2947 Paulum
893 2880 1019 2945 dicitur:
1047 2878 1202 2964 «Neque
1230 2876 1542 2942 exliibeatisrnenr-

416 2985 473 3051 bra
499 3006 605 3051 vestra
630 3008 718 3051 arnra
741 2986 916 3070 iniquitatis
942 3003 1087 3068 peccato,
1114 3008 1128 3044 n
1155 2981 1210 3068 (7)
1235 2981 1319 3046 Cunr
1345 2983 1439 3045 arinis
1462 3001 1540 3065 ergo
1610 3029 1615 3036 .

417 3091 456 3157 ad
490 3091 653 3155 infernum
694 3088 901 3164 descendere,
940 3106 987 3154 est
1012 3109 1087 3153 curn
1113 3089 1185 3173 ipsis
1224 3107 1353 3173 quoque
1378 3084 1540 3162 membris,

418 3194 535 3282 quibus
560 3192 716 3260 desideria
743 3192 917 3278 voluptatis
941 3190 1165 3277 expleverunt,
1189 3192 1310 3256 aeterni
1340 3189 1448 3254 iudicii
1476 3207 1541 3253 tor·

417 3318 529 3366 rnenta
554 3298 700 3365 tolerare:
728 3316 762 3362 ut
799 3317 876 3363 tunc
901 3320 956 3362 eos
982 3295 1123 3383 undique
1164 3295 1256 3362 dolor
1282 3295 1462 3373 absorbeat,
1488 3295 1542 3381 qui

418 3428 504 3471 nnnc
528 3408 591 3470 suis
615 3403 882 3470 delectationibus
913 3402 1042 3482 subditi,
1068 3401 1210 3490 undique
1250 3421 1362 3467 contra
1387 3401 1540 3466 iustitiam

418 3514 501 3574 iuste
529 3509 702 3574 iudicantis
728 3528 884 3596 pugnant.
1266 3523 1270 3530 '

416 3710 442 3775 ι]
479 3710 571 3761 bruttii.
591 3724 633 3775 25.
653 3726 696 3772 ar.

368 3809 371 3814 ·
414 3794 444 3850 2)
482 3789 636 3856 Maniam.
660 3806 699 3855 ις.
790 3843 795 3848 ,

416 3873 444 3933 3)
479 3867 547 3920 Pul·
569 3883 609 3934 57·
629 3884 655 3934 9·

414 3950 444 4011 4)
480 3947 524 3999 Sic
543 3947 644 4008 Turum
664 3948 740 4003 Geni.
761 3961 787 4002 et
806 3948 937 4002 aliiNor.
969 3949 1037 4001 Editi
1067 3937 1138 4009 verb,
1159 3950 1216 4018 qnia
1246 3949 1301 4001 ilios
1319 3962 1380 4018 qnos
1408 3949 1531 4019 generantia

432 4027 473 4077 Sic
493 4039 517 4077 et
540 4028 639 4079 Bessan.

417 4115 444 4168 5)
481 4105 594 4157 Vindoc.
615 4106 705 4159 Noun.
726 4119 773 4160 etc.
794 4107 967 4160 draceadnrtnt
986 4106 1019 4159 ud
1037 4107 1176 4176 instruam.

416 4183 444 4232 6-
481 4183 616 4248 Hiceta.
638 4198 680 4249 27.

417 4274 445 4325 7-
483 4262 559 4315 Rom.
581 4262 603 4315 6.
627 4278 666 4329 13.
