3909 5400
858 599 1093 712 ..827-

414 754 619 840 inspiratione
650 754 836 822 Conditoris
874 756 906 821 in
939 758 1059 824 virtute
1088 758 1217 845 spiritus
1246 759 1350 826 vitalis
1389 762 1535 848 erigitur,

414 887 449 932 ut
474 867 595 933 scilicet
619 890 685 934 non
711 890 766 955 per
790 868 937 935 iussionis
962 893 1093 952 vocem,
1122 871 1176 939 sed
1201 894 1257 958 per
1282 873 1473 960 dignitatem
1498 899 1536 942 o-

414 985 587 1066 perationis
625 985 787 1063 existeret,
824 986 877 1070 qui
917 983 955 1050 ad
996 985 1182 1053 Conditoris
1221 987 1392 1073 imaginem
1428 985 1535 1053 fiebat.

415 1095 514 1170 Quod
540 1098 636 1182 igitur
660 1118 716 1184 per
742 1096 961 1164 conditionem
988 1099 1088 1164 homo
1112 1097 1291 1184 elegantius
1315 1099 1369 1186 (1)
1395 1101 1426 1165 in
1452 1117 1537 1165 terra

414 1209 569 1272 creaturis
609 1211 722 1275 ceteris
746 1211 882 1296 accepit,
906 1211 967 1278 hoc
994 1213 1026 1278 in
1049 1211 1178 1298 flagello
1203 1214 1326 1297 positus
1351 1214 1464 1299 pietati
1488 1216 1538 1279 sui

414 1309 539 1398 opificis
563 1317 709 1400 opponit,
734 1314 856 1397 dicens3
882 1341 899 1378 <r
922 1317 1041 1384 Manus
1065 1334 1130 1381 tuae
1154 1316 1393 1402 plasmaverunt
1417 1341 1480 1396 nte,
1505 1337 1537 1382 et
1596 1328 1599 1333 '

415 1425 560 1492 fecerunt
596 1449 647 1492 me
672 1445 779 1492 totum
816 1431 1021 1510 incircuitu,
1057 1449 1089 1495 et
1112 1433 1157 1497 sic
1195 1449 1328 1517 tepente
1353 1435 1538 1518 praecipitas

413 1540 481 1604 me?
507 1566 522 1601 u
549 1544 598 1606 Ac
620 1542 647 1605 si
669 1559 776 1628 aperte
802 1540 898 1609 dicat:
922 1543 989 1610 Cur
1014 1562 1101 1610 tanta
1126 1544 1248 1609 vilitate
1271 1542 1415 1630 despicis,
1441 1566 1537 1631 quem

414 1674 488 1717 cum
514 1670 601 1718 tanta
625 1652 779 1740 dignitate
804 1655 991 1722 condidisti?
1016 1658 1056 1724 Et
1095 1679 1192 1744 quem
1217 1659 1341 1723 ratione
1365 1656 1462 1723 rebus
1487 1679 1539 1721 ce·

414 1767 492 1831 teris
517 1765 654 1852 praefers,
679 1789 735 1832 cur
760 1791 797 1834 ex
829 1767 943 1836 dolore
967 1770 1139 1857 supponis?
1171 1768 1232 1835 Sed
1258 1788 1367 1836 tamen
1392 1770 1463 1835 haec
1487 1793 1538 1835 ea·

416 1879 488 1945 dem
528 1901 636 1947 nostra
661 1882 799 1968 dignitas
833 1882 934 1970 fulget
958 1906 1015 1969 per
1055 1884 1240 1968 imaginem,
1265 1900 1296 1971 et
1320 1881 1418 1968 longe
1443 1883 1539 1948 distat

415 1995 663 2063 abeatitudinis
702 1995 900 2082 perfectione
937 2018 993 2082 per
1022 2017 1163 2076 carnem,
1202 1998 1276 2082 quia
1310 1993 1387 2060 dum
1410 1995 1539 2081 spiritus

416 2110 568 2175 miscetur
608 2108 748 2195 pulveri,
788 2108 927 2196 quodum
965 2108 1064 2174 modo
1103 2109 1309 2174 connectitur
1345 2105 1538 2173 infirmitati.

416 2226 522 2300 Quam
547 2221 668 2287 scilicet
692 2222 912 2289 infirmitatem
937 2221 1049 2288 beatus
1074 2221 1131 2288 lob
1155 2225 1265 2308 pietati
1304 2219 1419 2287 iudicis
1459 2219 1539 2285 obii·

416 2339 470 2418 cit,
496 2341 569 2403 c'utn
593 2335 766 2424 subiungit:

857 2555 1011 2623 CAPUT
1053 2557 1092 2624 L.

501 2804 617 2904 Quod
644 2803 765 2884 homo
794 2803 845 2884 ad
887 2802 1051 2883 ueniam
1080 2804 1308 2908 perveniat,
1358 2829 1449 2882 cum
1479 2801 1533 2880 ir-

423 2935 667 3018 remissibile
696 2936 991 3041 supernarum
1021 2932 1191 3015 diaboli.

502 3217 698 3300 Memento
741 3242 894 3324 quaese,
925 3217 1031 3325 quod
1072 3217 1175 3297 sicut
1217 3216 1347 3295 lulum
1394 3215 1535 3317 feceris

423 3378 491 3432 me.

441 3579 725 3757 91ssngelorum
749 3668 876 3753 spiritus
892 3659 1013 3732 ideirco
1027 3662 1288 3731 irremissibiliter
1306 3680 1538 3749 peccaverunt,

420 3786 492 3871 quia
516 3800 605 3851 tanto
630 3782 792 3848 robustius
817 3800 898 3848 stare
924 3796 1084 3866 poterant,
1120 3797 1242 3866 quanto
1266 3800 1322 3845 eos
1346 3780 1451 3846 carnis
1491 3776 1540 3843 ad·

417 4069 444 4130 5)
482 4068 509 4118 ln
528 4066 600 4118 MSS.
621 4063 697 4117 Colb.
716 4063 805 4117 Germ.
824 4063 892 4115 Utic.
912 4061 1014 4114 Ebroic.
1035 4073 1062 4112 et
1079 4059 1210 4129 plerisque
1230 4058 1355 4110 Nornrun.
1378 4058 1427 4107 tite
1460 4070 1528 4107 crcu-

435 4169 504 4214 tnrus
524 4168 611 4213 tctcrus
631 4162 728 4230 occepit.
749 4159 828 4214 Corb.
849 4159 938 4211 Genu.
959 4171 984 4211 et
1004 4158 1069 4226 Reg.
1090 4171 1117 4209 ut
1137 4158 1163 4209 in
1183 4156 1269 4209 editis.
