3909 5400
868 298 1218 395 -901-2

420 452 447 517 si
469 469 576 540 aperte
602 450 699 519 dicata
719 453 752 519 Si
775 452 923 541 degustas
946 455 1101 543 gaudium
1126 455 1213 543 quod
1247 457 1333 522 intus
1357 476 1538 544 permanet,

420 566 492 633 l'eve
516 565 551 632 fit
576 569 720 653 protinus
744 589 841 634 omne
867 569 953 657 quod
977 569 1053 635 foris
1077 569 1175 635 dolet.
1201 571 1288 636 Bene
1311 590 1420 638 autem
1457 594 1541 657 prae·
1600 633 1608 645 ‚

420 684 518 746 sentis
542 683 633 769 vitae·
661 681 802 749 miseria's
825 685 914 770 aquis
948 682 1221 770 praetereuntibus
1245 703 1422 771 comparat:
1464 689 1539 774 qnia

422 793 582 862 calamitas
613 797 780 876 transiens,
802 795 897 862 electi
933 813 1080 863 mentem
1103 819 1307 885 nequaquam
1332 801 1364 864 vi
1405 819 1541 866 concus-

420 909 517 974 sionis
540 906 659 988 obruit‚
683 907 738 974 sed
761 908 817 996 (1)
843 925 952 975 tamen
976 925 1066 976 tactu
1105 911 1260 975 moeroris
1284 908 1434 977 infundit.
1459 912 1541 978 Nam

419 1020 475 1110 (2)
499 1022 607 1088 madet
630 1021 760 1109 quidem
786 1044 842 1108 per
866 1042 1017 1090 cruorem
1041 1021 1196 1102 vulneris,
1221 1023 1280 1088 etsi
1304 1046 1322 1090 a
1343 1043 1419 1090 suae
1445 1026 1540 1090 certi·

422 1133 536 1201 tudine
561 1156 628 1201 non
652 1134 810 1229 frangitur
837 1134 956 1202 salutis.

489 1259 528 1326 39
551 1240 652 1326 Saepe
676 1257 784 1307 autem
809 1262 876 1307 non
899 1239 1007 1308 solum
1030 1238 1157 1328 flagella
1181 1257 1336 1308 atterunt:
1361 1240 1416 1307 sed
1441 1242 1473 1307 in
1506 1264 1542 1306 u·

421 1350 649 1439 niuscuiusque
673 1340 747 1419 iusti
763 1355 871 1421 animo
896 1352 1113 1441 malignorum
1127 1374 1258 1440 quoque
1282 1355 1453 1441 spirituum
1470 1373 1541 1422 ten-

422 1479 567 1531 tamenta
590 1483 783 1552 grassantur,
808 1484 844 1532 ut
868 1469 1010 1533 exterius
1035 1489 1073 1533 ex
1098 1467 1301 1552 percussione
1319 1464 1437 1548 doleat,
1450 1486 1481 1534 et
1495 1471 1541 1535 in·

402 1574 473 1643 'tus
512 1578 712 1665 aliquatenus
750 1602 790 1646 ex
822 1581 1002 1648 tentatione
1042 1579 1201 1668 frigescat.
1235 1581 1299 1647 Sed
1336 1602 1539 1669 nequaquam

420 1693 521 1780 gratia
545 1692 672 1759 deserit:
698 1715 777 1781 quae
814 1716 879 1782 quo
904 1715 963 1760 nos
988 1692 1099 1760 durius
1138 1716 1177 1759 ex
1202 1692 1443 1780 dispensatione
1469 1716 1541 1781 per·

422 1807 513 1884 cutit,
538 1827 577 1872 eo
615 1806 751 1894 amplius
774 1829 814 1872 ex
839 1808 957 1892 pietate
995 1805 1146 1873 custodit.
1173 1806 1257 1874 Nam
1282 1827 1357 1872 cum
1396 1803 1541 1873 tenebre·

420 1940 508 1985 scere
533 1940 589 2005 per
613 1921 826 1987 tentationem
851 1921 1005 2006 coeperit,
1029 1942 1097 1987 sese
1114 1921 1232 1987 iterum
1245 1919 1300 1986 lux
1312 1923 1438 1987 interna
1460 1940 1535 1986 suc·

419 2022 539 2088 cendit.
566 2022 659 2090 Unde
684 2040 716 2090 et
738 2021 896 2091 subditur:

833 2286 984 2356 CAPUT
1023 2287 1143 2354 XVIII.

502 2529 649 2612 Virtus
678 2534 902 2612 renovatur
928 2530 971 2609 in
1001 2529 1241 2610 tentatione.

502 2785 705 2939 Idi-quusi
738 2829 986 2914 meridianus
1039 2829 1180 2936 fudpor
1208 2837 1415 2938 oonsurpet
1462 2830 1536 2914 etot

424 2955 477 3038 ud
504 2982 718 3062 uesperum.

486 3201 541 3231 ἐξ)

373 3323 376 3328 ·
440 3234 638 3374 40⁹¹Evutg0r
661 3287 779 3374 quippe
804 3283 999 3352 meridianus
1037 3285 1069 3350 in
1094 3304 1226 3371 vespere
1250 3300 1298 3349 est
1338 3284 1468 3350 virtutis
1492 3306 1538 3351 re·

417 3396 551 3460 novatio
575 3393 608 3458 in
643 3393 832 3458 tentatione:
857 3408 892 3457 ut
928 3391 1100 3477 repentino
1125 3390 1268 3456 caritatis
1291 3386 1422 3455 fervore
1448 3411 1539 3455 mens

397 3613 817 3722 1)”idecentddsedtantum
834 3614 936 3714 ⁸tractum,
956 3664 984 3705 et
1002 3666 1073 3713 mox,
1091 3650 1133 3704 sed
1150 3666 1166 3704 a
1184 3668 1242 3714 suae,
1261 3649 1449 3706 reluctantibus
1469 3646 1524 3702 aliis

430 3748 516 3803 libris.
578 3759 582 3766 '

412 3837 444 3904 2)
479 3837 579 3890 Bessar.
603 3834 685 3924 toedet.
706 3835 767 3891 Mox
786 3835 831 3890 etsi
848 3851 907 3889 suae
926 3870 1018 3888 .....
1037 3832 1081 3903 qui
1099 3850 1146 3905 quo
1165 3850 1217 3887 nos.
