3909 5400
854 663 1089 743 -835-

413 830 485 874 rum
509 807 720 903 doloremque
744 816 875 882 sentite.
903 818 978 896 Qua
1002 819 1153 886 videlicet
1193 823 1225 889 iu
1250 845 1282 889 re
1308 843 1340 891 et
1380 826 1460 894 nihil
1486 827 1535 894 f-

414 943 463 987 ras
486 944 583 1008 opere
607 929 722 1031 agitur,
746 947 778 993 et
802 929 869 996 sola
892 932 978 997 intus
1003 938 1203 1022 cogitatione
1242 959 1404 1026 peccatur:
1431 942 1536 1010 distri-

413 1052 533 1124 ctoque
558 1061 591 1104 se
615 1060 706 1108 reatu
743 1064 835 1109 mens
858 1043 990 1134 obligat,
1030 1050 1088 1115 nisi
1126 1049 1188 1117 hoc
1212 1052 1355 1122 sollicitis
1389 1055 1537 1125 lamentis

417 1166 532 1236 tergat.
649 1225 657 1231 ,

486 1266 650 1333 rorUnde
683 1267 764 1335 bene
802 1293 859 1356 per
882 1273 1020 1361 Moysen
1056 1274 1183 1345 dicitur:
1209 1303 1226 1341 u
1251 1282 1284 1346 Si
1319 1280 1415 1347 luerit
1452 1284 1537 1348 inter

420 1399 481 1443 vos
504 1378 614 1460 homo,
652 1386 707 1470 qui
740 1404 905 1452 nocturno
928 1387 1071 1473 pollutus
1095 1393 1135 1456 sit
1173 1396 1313 1471 somnio,
1351 1394 1535 1479 egredietur

416 1511 505 1561 extra
529 1516 638 1579 castra;
661 1517 694 1564 et
717 1522 784 1565 non
808 1519 989 1568 revertetur
1013 1505 1100 1588 prins
1125 1526 1220 1590 quam
1244 1505 1283 1572 ad
1305 1528 1469 1591 uesperam
1494 1506 1538 1574 la-

417 1626 625 1695 veteraque,
650 1630 682 1676 et
706 1634 780 1699 post
804 1614 882 1680 solis
904 1636 1056 1682 occasum
1081 1603 1282 1703 regredietur
1321 1620 1354 1684 in
1378 1638 1491 1686 eastra.
1518 1647 1533 1683 u

417 1714 471 1800 (1)
495 1714 700 1783 Nocturnum
726 1723 843 1806 quippe
867 1739 915 1785 est
938 1724 1102 1787 somniem
1142 1727 1278 1789 tentatio
1303 1725 1441 1804 occulto,
1481 1748 1536 1811 per

418 1840 514 1904 quam
538 1821 707 1889 tenebrosa
733 1828 927 1909 cogitatione
952 1844 1045 1912 turpe
1069 1825 1193 1913 aliquid
1220 1828 1315 1893 carde
1342 1831 1538 1914 concipitur,

418 1931 504 2019 quod
529 1953 635 2000 tamen
662 1944 804 2023 corporis
827 1961 924 2023 opere
950 1960 1017 2004 uon
1041 1937 1199 2024 expletur.
1224 1939 1286 2005 Sed
1324 1942 1453 2005 somnio
1479 1962 1537 2007 no·

420 2057 535 2105 cturuo
560 2042 701 2127 pollutus
724 2042 833 2131 egredi
857 2063 947 2111 entra
971 2063 1072 2110 castra
1107 2046 1310 2131 praecipitur:
1337 2048 1411 2132 quia
1449 2044 1538 2111 uide-

418 2134 502 2218 licet·
518 2154 652 2238 dignum
680 2176 737 2234 est,
762 2175 797 2222 ut
833 2158 888 2244 qui
926 2156 1093 2224 immunda
1133 2160 1329 2244 cogitatione
1369 2157 1537 2244 polluitur,

419 2268 588 2354 indignum
626 2292 659 2334 se
695 2290 890 2337 cunctorem
931 2269 1075 2337 fidelium
1110 2270 1318 2338 societatibus
1353 2270 1539 2352 arbitretur,

421 2385 531 2472 culpae
556 2409 632 2454 suae
668 2389 820 2454 meritum
858 2404 933 2454 ante
958 2387 1071 2453 oculos
1112 2404 1220 2474 ponat,
1244 2405 1277 2452 et
1301 2410 1340 2453 ea
1375 2386 1539 2453 bonorum

419 2513 451 2556 se
477 2493 698 2559 aestimatione
723 2490 884 2578 despiciat.
909 2491 965 2580 (2)
990 2491 1118 2557 Pollutc
1143 2513 1221 2579 ergo
1246 2509 1336 2558 entra
1376 2510 1481 2558 eastra
1505 2513 1539 2556 e-

420 2600 499 2678 xire,
525 2616 571 2665 est
596 2608 682 2687 turpi
706 2601 950 2688 impugnatione
974 2597 1134 2667 iuberent}
1157 2651 1165 2678 2
1190 2621 1258 2665 cese
1299 2621 1338 2663 ez:
1364 2601 1540 2668 continen-

421 2714 501 2778 tium
528 2716 769 2800 comparatione
807 2713 981 2800 despicere.
1017 2715 1084 2792 Qui
1131 2712 1169 2779 ai
1209 2735 1374 2799 terrerem
1412 2711 1540 2779 lavatur

420 2848 511 2913 aqua,
537 2849 610 2892 eum
635 2826 799 2894 defectum
824 2848 916 2892 suum
948 2826 1149 2911 aonspitiens
1174 2824 1211 2891 ed
1251 2825 1471 2910 poenitentiae
1495 2822 1539 2890 la-

420 2955 529 3004 menta
553 2941 764 3018 convertitur,
790 2955 825 3003 et
862 2937 991 3003 fletibus
1015 2937 1114 3002 diluat
1149 2958 1246 3001 entre
1270 2936 1326 3022 (ς)
1362 2935 1449 3023 quod
1473 2936 1540 3002 ani·

420 3076 510 3121 mum
536 3052 661 3120 occulta
685 3053 863 3141 inquinatio
888 3067 1024 3118 accusat.
1049 3048 1110 3115 Set
1136 3067 1207 3135 pest
1232 3068 1382 3116 occasum
1399 3046 1475 3114 solis
1500 3045 1540 3114 ad

423 3186 521 3234 castra
545 3166 662 3231 redeat:
688 3168 761 3252 quia
785 3162 1026 3231 defervescente
1059 3162 1248 3227 tentationis
1283 3159 1407 3239 ardore,
1431 3178 1542 3225 neces-

421 3301 453 3345 se
477 3299 524 3345 est
549 3296 583 3342 ut
607 3281 725 3343 iterum
747 3274 898 3344 fiduciam
923 3298 998 3364 erga
1021 3278 1211 3343 societatem
1236 3274 1398 3341 bonorum
1421 3293 1539 3341 sumat.

420 3619 448 3682 1)
484 3617 562 3668 Dent.
582 3627 623 3681 23.
645 3630 686 3668 ro.
706 3626 732 3668 et
753 3627 795 3681 ¹3·

418 3717 448 3778 a)
485 3712 548 3765 Coc.
567 3725 595 3764 et
615 3724 711 3765 recent.
730 3711 770 3765 ed.
788 3711 924 3782 pollutum,
942 3723 968 3763 et
987 3725 1049 3761 urox
1068 3724 1128 3760 curu
1148 3704 1336 3775 superioribus,
1368 3702 1527 3756 laborantem.

437 3812 575 3880 Sequimur
594 3810 667 3863 MSS.
690 3808 800 3863 Vindoe.
820 3806 951 3860 Bellovac.
970 3804 1064 3857 Norm.
1082 3814 1134 3857 etc.

420 3909 448 3976 ς)
483 3908 521 3960 Ita
539 3905 639 3959 Toron.
659 3905 739 3959 Corb.
758 3903 846 3958 Germ.
866 3903 969 3957 Gemet.
989 3901 1091 3955 Ebroic.
1111 3913 1136 3953 et
1156 3898 1198 3952 alii
1229 3898 1321 3952 Norm.
1347 3899 1376 3949 ln
1408 3893 1529 3965 plurimis

437 4019 526 4056 tatucn
544 4004 636 4056 Nomi.
655 4001 758 4072 legitur,
777 4000 872 4054 occulto
890 3999 1022 4070 cogitatio.
1044 3999 1073 4050 ln
1091 3997 1160 4050 Utic.
1178 3996 1248 4066 prius
1267 3993 1404 4064 legebatur
1434 3989 1529 4044 occulta

438 4100 587 4167 inquinatio.
607 4098 676 4150 Editi
696 4113 755 4149 cum
775 4096 833 4148 cod.
854 4093 930 4148 Colb.
950 4093 1014 4164 quat
1033 4095 1057 4145 iu
1077 4093 1159 4146 animo
1177 4090 1272 4144 occultu
1301 4087 1448 4159 inquinatio.
1467 4086 1530 4138 Bes-

438 4204 487 4241 sar.
507 4203 611 4257 quoque¹
632 4187 657 4237 in
677 4185 770 4237 auimo.
790 4184 849 4236 llos
866 4188 920 4252 post
938 4195 1036 4250 oqtritm.
