3909 5400
415 833 448 900 bi
473 853 613 900 mortem
644 832 761 912 intulit,
786 852 818 899 et
855 834 1007 900 reductus
1032 834 1069 900 ad
1112 835 1250 914 veniam,
1280 830 1339 898 sub
1375 815 1540 920 disciplina

413 946 530 1013 melius
555 943 681 1011 cluusus
708 948 799 1011 vivit.
825 949 928 1025 Quisi
952 947 1055 1014 leaeuu
1093 970 1172 1034 ergo
1196 966 1329 1034 propter
1354 947 1538 1032 superbiam

412 1067 527 1135 captus
551 1069 611 1115 est:
638 1054 711 1136 quia
735 1050 809 1116 inde
834 1073 919 1116 nunc
943 1074 1020 1116 eum
1046 1050 1210 1137 disciplina
1234 1072 1299 1114 suae
1318 1055 1539 1136 corruptionis

413 1155 576 1240 deprimit,
614 1156 698 1221 unde
723 1162 1009 1243 transgressionem
1036 1159 1188 1243 praecepti
1211 1177 1278 1222 non
1303 1158 1421 1220 timens
1444 1156 1540 1222 audu-

415 1286 483 1334 cter
509 1271 539 1333 in
563 1267 693 1335 foveam
716 1269 832 1336 saltum
857 1268 954 1335 dedit.

485 1383 546 1445 106
570 1374 633 1441 Sed
670 1377 696 1440 si
732 1395 903 1461 parumper
934 1374 1087 1440 obtutum
1128 1374 1246 1439 mentis
1285 1373 1411 1460 acuipa
1447 1375 1541 1459 primi

415 1492 556 1574 parentis
581 1491 768 1568 avertimus,
793 1510 851 1553 uos
875 1487 977 1554 adhuc
1002 1487 1148 1575 quotidie
1172 1506 1208 1552 ut
1231 1487 1366 1554 leaenam
1392 1491 1460 1575 capi
1485 1509 1540 1572 per

414 1607 529 1669 vitium
553 1602 703 1669 elationis
742 1603 937 1667 invenimus.
975 1603 1067 1688 Saepe
1101 1623 1241 1688 namque
1276 1602 1377 1667 homo
1401 1604 1542 1688 acceptis

414 1716 587 1781 virtutibus
611 1718 643 1781 in
670 1715 833 1782 auduciam
857 1738 923 1780 suae
951 1717 1212 1801 presumptionis
1234 1717 1379 1799 erigitur:
1403 1715 1459 1779 sed
1486 1717 1540 1780 mi·

414 1850 448 1894 ra
471 1829 709 1916 dispensatione
749 1831 885 1915 pietatis,
906 1847 983 1895 ante
1008 1832 1076 1893 eius
1100 1828 1212 1893 oculos
1247 1851 1296 1893 res
1320 1827 1484 1914 quaelibet,
1510 1830 1541 1893 in

415 1963 511 2029 quam
536 1962 675 2019 corruat,
704 1943 883 2009 ordinatur.
909 1945 1060 2029 Dumque
1095 1963 1153 2028 per
1177 1942 1304 2027 culpam
1342 1940 1463 2028 aliquid
1489 1965 1542 2027 ap·
1652 2017 1654 2019 ¹

414 2050 505 2134 petit,
545 2048 622 2135 quid
646 2048 729 2115 aliud
770 2070 867 2135 quam
893 2046 1035 2134 praedum
1060 2049 1094 2112 in
1118 2046 1212 2113 lovea
1236 2047 1454 2133 concupiscit?
1478 2049 1542 2112 Sua
1632 2040 1634 2045 ’

413 2181 528 2247 sponte
569 2163 692 2228 inhians
732 2163 826 2240 cadit,
848 2161 903 2228 sed
928 2164 992 2226 suis
1027 2182 1157 2246 surgere
1197 2161 1322 2226 viribus
1355 2183 1420 2226 nort
1446 2160 1541 2227 valet.

415 2270 580 2346 Quicum
605 2290 637 2332 se
663 2267 741 2334 nihil
767 2290 806 2332 ex
831 2289 865 2332 se
890 2286 957 2333 esse
970 2265 1169 2344 considerat,
1185 2263 1279 2332 discit
1301 2264 1416 2352 procul
1441 2264 1542 2331 dubio

415 2382 506 2446 cuius
530 2380 724 2446 adiutorium
750 2381 900 2468 requirat.
940 2381 1051 2458 Quem
1084 2398 1193 2446 tamen
1217 2403 1355 2467 superna
1378 2383 1542 2449 miseratio

415 2512 545 2579 captum
572 2496 658 2581 quasi
684 2516 700 2561 a
724 2494 818 2561 lovea
850 2493 968 2560 evehit:
994 2496 1069 2581 quia
1092 2493 1177 2560 hunc
1201 2493 1387 2561 infirmitate
1412 2498 1542 2582 cognita

415 2606 452 2672 ad
479 2610 607 2673 veniam
633 2607 767 2673 reducit.
792 2608 919 2673 Leaenae
945 2609 1052 2693 itaque
1077 2628 1180 2683 mote,
1204 2622 1337 2692 propter
1359 2606 1541 2691 superbiam

415 2712 454 2778 ad
492 2716 671 2800 superiores
695 2733 800 2801 partes
824 2713 878 2801 (ι)
918 2714 948 2777 iu
976 2734 1107 2777 caveam
1143 2731 1278 2788 remeat,
1319 2715 1373 2798 qui
1402 2734 1477 2776 cum
1502 2712 1541 2778 de

416 2826 535 2890 virtute
561 2824 736 2903 extollitur,
760 2824 865 2911 lupsus
888 2822 925 2889 ad
950 2822 1108 2889 desideria
1133 2825 1164 2887 in
1188 2822 1366 2888 humilitate
1380 2822 1542 2909 religatur.

416 2930 502 3007 Quia
525 2931 611 2994 enim
636 2931 724 3016 prius
749 2931 877 3015 propria
901 2931 1152 3014 praesumptione
1167 2929 1315 3014 perierat,
1339 2930 1418 2993 mira
1442 2933 1543 3016 pieta-

417 3060 447 3106 te
473 3044 586 3128 agitur,
612 3061 646 3107 ut
660 3041 853 3108 infirmitatis
867 3064 932 3107 suae
957 3045 1019 3108 iam
1043 3042 1158 3107 notitia
1177 3039 1302 3106 elautus
1319 3042 1418 3107 vivat.
1442 3042 1542 3120 Quod

417 3157 489 3242 quia
513 3173 639 3221 sanctus
663 3159 711 3220 vir
735 3152 849 3220 crebro
862 3154 1007 3221 accidere
1032 3154 1221 3220 homiuibus
1245 3157 1414 3240 conspicit,
1439 3159 1540 3223 nostri

415 3273 504 3336 inse
529 3268 662 3355 periculi
685 3289 801 3334 vocem
824 3271 931 3335 sumit:
958 3285 992 3332 ut
1018 3290 1092 3333 cum
1128 3291 1185 3334 nos
1209 3271 1277 3333 eius
1300 3268 1394 3334 fletus
1425 3292 1520 3356 agno-

416 3375 543 3451 scimus,
568 3394 641 3459 quae
666 3374 696 3438 in
722 3373 813 3438 nobis
837 3391 913 3437 sunt
937 3371 1042 3437 fienda
1066 3372 1237 3438 discamus.
1262 3371 1324 3438 Sed
1351 3394 1423 3437 cum
1450 3396 1540 3439 men·

416 3505 483 3551 tem
521 3507 661 3551 nostram
697 3485 791 3551 elatio
816 3488 919 3573 erigit,
961 3485 1081 3550 summi
1106 3510 1122 3552 a
1146 3484 1241 3550 uobis
1282 3488 1428 3572 protinus
1453 3509 1542 3553 com·

417 3602 552 3685 punctio
586 3601 704 3666 amoris
738 3600 870 3666 recedit:
896 3621 969 3665 cum
997 3622 1075 3666 vero
1099 3621 1235 3684 superna
1261 3624 1320 3665 nus
1343 3603 1443 3687 gratia
1470 3604 1542 3667 visi-

417 3733 473 3795 tat,
499 3717 607 3780 statim
632 3738 687 3800 per
712 3714 867 3792 lacrumas
891 3714 928 3781 ad
953 3736 1009 3780 sua
1042 3713 1193 3780 desideria
1225 3716 1364 3801 instigat,
1392 3714 1483 3782 Unde
1509 3736 1541 3781 et

418 3847 489 3914 apte
514 3828 730 3915 subiungitur:

415 4228 441 4288 1)
478 4225 586 4278 Ebtoic.
605 4228 629 4277 r'u
649 4243 722 4279 cuvea
742 4235 876 4281 rerrrarreul.
