3909 5400
852 534 1166 679 ’429πύ

412 753 521 819 tendo.
548 754 715 820 Materiam
742 753 849 838 itaque
874 752 1016 837 originis,
1040 767 1071 813 et
1097 768 1226 834 poenant
1264 743 1334 810 finis
1365 748 1478 832 aspice:
1504 764 1537 837 et

413 860 515 944 cuipas
543 861 636 922 citius
662 859 855 923 transeuntis
878 877 983 942 parce.
1008 854 1070 920 Sed
1096 855 1168 940 quia
1193 850 1378 938 qualitatem
1403 849 1538 938 protulit

411 972 551 1035 hominis
575 970 707 1048 conditi,
733 990 819 1034 nunc
842 969 1007 1052 subiungit
1032 965 1179 1031 ordinem
1205 965 1384 1050 propagati,
1416 965 1536 1027 dicens:

854 1214 1005 1282 caput
1030 1215 1096 1299 ur.

495 1457 582 1559 Quo
616 1458 734 1538 modo
762 1458 874 1539 Deus
911 1456 1121 1536 hominum
1150 1456 1339 1558 placarunt,
1360 1452 1535 1558 plasma·

416 1601 503 1671 tum
533 1589 729 1694 vivificat,
758 1586 1014 1670 vivificatum
1045 1586 1242 1668 custodit.

496 1852 639 1934 Nonae
667 1855 769 1934 sicut
800 1854 862 1934 loc
890 1853 1068 1933 ratulsisii
1096 1880 1164 1955 rna,
1193 1857 1228 1932 et
1255 1850 1357 1929 sicut
1383 1872 1536 1928 casatam

416 2012 474 2063 aaa
501 1982 747 2086 coaptalosii?
776 1981 893 2063 Pella
921 1989 958 2063 et
986 1983 1175 2064 coraibus
1202 1982 1353 2063 auslisti
1379 2008 1451 2082 me,
1478 2005 1537 2059 os·
1654 1966 1667 1989 ’

421 2115 530 2195 sibus
559 2123 594 2196 et
623 2116 755 2196 acerris
782 2116 1011 2220 cornpepisii
1044 2143 1112 2195 aare.

436 2371 703 2538 ffiffilasmatus
726 2452 845 2539 quippe
871 2451 971 2518 homo
996 2456 1078 2518 sicut
1103 2452 1208 2520 lutunr
1223 2455 1324 2520 factus
1348 2473 1406 2532 est,
1430 2475 1544 2540 propa-

413 2581 505 2649 gatus
530 2581 639 2629 autem
664 2581 695 2628 et
728 2565 809 2629 sicut
835 2563 883 2629 lac
917 2565 1078 2651 mulgetur
1103 2570 1237 2645 semine,
1260 2586 1293 2632 et
1326 2570 1407 2632 sicut
1437 2586 1544 2631 caseus

415 2678 602 2765 coagulatur
626 2680 658 2743 in
684 2698 788 2744 carne.
814 2676 973 2744 Carnibus
987 2697 1018 2743 et
1043 2679 1125 2765 pelle
1139 2680 1294 2747 induitur:
1319 2677 1443 2745 ossibus
1472 2700 1544 2744 ner··

412 2792 524 2875 visque
567 2789 733 2856 solidatur.
759 2792 818 2855 Per
841 2789 946 2855 lutum
974 2812 1054 2875 ergo
1080 2796 1193 2878 primae
1220 2793 1417 2858 conditionis
1450 2792 1544 2879 quali·

414 2919 471 2982 tas3
495 2924 552 2987 per
576 2901 623 2966 lac
649 2924 738 2980 vero,
763 2904 929 2989 sequentis
960 2903 1042 2968 ordo
1071 2907 1295 2989 conceptionis
1330 2907 1543 2992 exprimitur:

417 3016 489 3098 quia
515 3034 570 3097 per
595 3014 826 3099 coagulationis
863 3018 1065 3081 incrementa
1089 3014 1229 3095 ducitur,
1255 3033 1288 3080 ut
1328 3018 1488 3103 paulisper
1513 3019 1544 3082 in

413 3146 485 3189 ossa
519 3123 700 3191 roboretur.
724 3125 785 3192 Sed
825 3146 957 3213 angusta
984 3130 1042 3193 Dei
1067 3127 1134 3194 laus
1157 3147 1203 3194 est
1239 3128 1413 3216 descriptio
1449 3134 1545 3196 creati

415 3239 567 3325 corporis,
590 3240 652 3303 nisi
676 3241 771 3305 etiarn
796 3240 1028 3329 subsequenter
1052 3245 1251 3330 exprimatur
1274 3246 1354 3311 mira
1375 3244 1545 3331 adspiratio

415 3350 658 3417 vivificationis.
684 3352 777 3417 Unde
802 3373 833 3417 er
869 3353 1029 3419 subditur:

838 3706 989 3772 CAPUT
1038 3707 1121 3772 [ΠΙ.

502 3950 625 4032 Vitae
654 3951 697 4030 in
728 3953 897 4057 spiratio
927 3960 967 4033 et
997 3955 1271 4036 conservatio,

513 4157 649 4240 Vitam
680 4168 715 4241 rt
742 4160 1053 4244 misericordiam
1085 4164 1269 4245 trr'buisti
1298 4164 1410 4246 milri.
