3909 5400
869 619 1105 700 -633-

425 776 493 856 diti,
518 776 672 842 exercitio
712 777 796 841 vitae
822 777 988 862 praesentis
1026 776 1206 855 atterimur,
1236 777 1267 842 in
1293 775 1400 842 alieno
1423 776 1548 844 labora·

424 907 508 957 mus.
531 890 614 956 Nam
639 910 732 976 saepe
755 907 788 954 et
812 890 958 975 reprobis
983 893 1105 956 servire
1131 893 1289 977 cogimur:
1306 891 1441 972 mundo,
1465 916 1547 980 quae

424 995 537 1062 mundi
562 1013 649 1075 sunt,
673 995 806 1062 reddere
833 1014 1045 1063 coarctamur.
1071 999 1112 1065 Et
1153 997 1258 1064 alieno
1282 997 1412 1086 quidem
1437 998 1546 1066 labore

424 1114 602 1201 irrigamur,
628 1111 685 1178 sed
698 1129 806 1177 tamen
829 1113 962 1199 praemia
986 1131 1095 1179 nostra
1111 1115 1318 1200 percipimus:
1344 1132 1376 1178 et
1400 1135 1457 1201 per
1482 1112 1546 1179 hoc
1638 1127 1642 1133 ’

426 1227 634 1313 pervenimus
658 1222 697 1290 ad
723 1227 863 1310 propria,
887 1223 974 1312 quod
1000 1247 1079 1311 pure
1092 1229 1311 1292 ministramus
1334 1226 1446 1294 aliena.
1469 1228 1547 1305 Quo

425 1360 540 1408 contra
564 1339 755 1428 quibusdam
795 1339 924 1407 Veritas
947 1338 1036 1405 dicit:
1065 1366 1080 1402 a
1106 1341 1139 1406 Si
1163 1342 1195 1406 in
1218 1339 1325 1406 alieno
1347 1339 1458 1405 fideles
1481 1360 1548 1406 non

424 1456 537 1536 fuistis,
562 1453 650 1543 quod
675 1474 820 1521 vestrum
847 1473 896 1520 est
934 1457 1008 1541 quis
1031 1455 1087 1541 (1)
1112 1453 1199 1520 dabit
1224 1453 1332 1520 vobis?
1356 1481 1373 1517 n
1398 1454 1454 1542 (2)

468 1593 502 1655 15
523 1567 699 1636 Sciendum
723 1591 854 1657 quoqne
879 1586 927 1635 est
951 1569 1038 1654 quod
1064 1570 1278 1634 mercenarius
1302 1567 1438 1635 sollicite
1457 1586 1547 1635 curat

425 1677 595 1760 inspicere,
635 1697 676 1740 ue
715 1696 869 1761 umquam
894 1674 962 1740 dies
987 1694 1111 1740 vacuus
1151 1673 1279 1738 labatur
1303 1673 1341 1739 ab
1381 1695 1488 1758 opere:
1514 1692 1547 1737 et

425 1813 611 1883 expectatus
634 1796 708 1860 finis
732 1798 897 1882 temporis,
921 1818 962 1860 ue
988 1797 1091 1861 inanis
1115 1797 1222 1860 veniat
1248 1793 1286 1860 ad
1311 1796 1546 1860 remuneratio·

424 1933 510 1976 nem.
535 1912 570 1976 ln
594 1908 712 1976 laboris
744 1931 884 1996 namque
923 1909 1031 1976 studio
1067 1911 1236 1995 conspicit,
1263 1906 1338 1995 quid
1379 1910 1544 1995 percipere

424 2026 457 2090 in
481 2044 628 2109 tempore
652 2025 925 2090 remunerationis
950 2025 1061 2109 possit.
1085 2023 1169 2088 Nam
1194 2044 1269 2086 cum
1294 2028 1376 2107 opus
1415 2025 1542 2102 crescit,

424 2140 549 2226 praemii
574 2137 692 2203 fiducia
732 2136 873 2222 proficit:
899 2158 972 2202 cum
998 2159 1078 2203 vero
1117 2159 1200 2223 opus
1224 2128 1396 2222 torpuerit,
1434 2159 1546 2224 spesa

423 2254 685 2319 remuneratione
710 2250 863 2318 lassescit.
889 2251 984 2319 Unde
1008 2271 1040 2318 et
1065 2251 1190 2318 electus
1214 2255 1348 2340 quisque
1363 2257 1464 2319 vitam
1491 2275 1539 2319 su·

423 2389 474 2432 am
499 2369 586 2453 quasi
611 2369 800 2433 mercenarii
824 2367 892 2432 dies
916 2390 1066 2454 pensam,
1091 2387 1183 2434 tanto
1206 2367 1360 2435 fidentius
1384 2391 1439 2456 spe
1474 2389 1546 2437 ten·

422 2479 468 2545 dit
492 2481 530 2547 ad
555 2483 736 2568 praemium,
762 2501 883 2568 quanto
908 2503 996 2548 nunc
1020 2481 1187 2548 robustius
1212 2483 1362 2569 perdurat
1387 2484 1426 2550 ad
1461 2484 1546 2551 labo·

422 2588 464 2650 ris
487 2588 737 2652 incrementum.
762 2588 829 2663 Qui
853 2589 879 2652 si
914 2586 1071 2651 decursus
1096 2592 1263 2672 praesentis
1286 2592 1441 2675 temporis
1466 2611 1544 2675 pen·

424 2718 482 2780 sat,
507 2698 574 2764 dies
599 2721 674 2766 cum
698 2699 849 2788 operibus
874 2718 1035 2767 numerat:
1060 2722 1100 2765 ne
1127 2724 1143 2765 a
1182 2697 1290 2765 labore
1316 2721 1417 2767 vacua
1443 2720 1543 2768 trans·

421 2830 493 2877 eant
533 2816 610 2878 virae
634 2832 811 2893 momenta,
840 2813 1002 2880 formidat.
1043 2814 1197 2880 Adversis
1223 2813 1352 2900 gaudet,
1393 2818 1540 2901 passione

421 2916 576 2999 reficitur,
600 2940 738 2985 rnaerore
778 2918 954 2985 refovetur:
995 2923 1069 3008 quia
1094 2918 1322 3007 subsequentis
1361 2922 1437 2984 vitae
1462 2941 1543 3005 prae·

422 3035 493 3097 miis
517 3050 607 3099 tanto
633 3056 667 3098 se
691 3038 890 3100 remunerari
913 3034 1031 3119 largius
1071 3035 1240 3120 conspicit,
1266 3052 1388 3120 quanto
1428 3056 1488 3120 pro
1511 3059 1544 3099 a·

422 3158 512 3201 more
536 3136 621 3203 illius
646 3138 842 3224 quotidianis
866 3161 899 3204 sc
923 3138 1084 3204 mortibus
1110 3141 1217 3204 verius
1255 3140 1425 3226 impendit.
1454 3140 1540 3205 Hinc

421 3271 560 3337 namque
584 3269 642 3330 est,
660 3251 747 3338 quod
770 3253 857 3318 ciues
881 3275 1027 3336 supernae
1053 3255 1164 3339 patriae
1190 3252 1351 3319 conditori
1374 3255 1444 3319 eius
1459 3254 1542 3320 Psal-

421 3353 525 3419 mistae
549 3354 686 3419 vocibus
722 3355 844 3421 dicunt:
872 3382 888 3417 rr
915 3358 1052 3444 Propter
1076 3377 1108 3422 te
1148 3375 1254 3423 morte
1277 3357 1436 3424 afficimur
1475 3377 1543 3424 tota

421 3465 482 3532 die.
508 3494 524 3530 r>
550 3467 605 3556 (3)
630 3468 714 3534 Hinc
740 3469 855 3536 Paulus
878 3470 931 3537 ait:
959 3496 975 3531 rr
1002 3469 1158 3549 Quotidie
1183 3474 1305 3537 morior
1329 3492 1461 3559 propter
1474 3472 1544 3559 glo-

420 3583 499 3647 riam
525 3600 676 3662 uestram,
692 3580 814 3649 fratres.
842 3609 858 3646 a
885 3583 940 3672 (4)
963 3584 1050 3650 Hinc
1075 3587 1193 3651 iterum
1209 3585 1297 3651 dicit:
1324 3610 1339 3647 a
1365 3586 1421 3654 Ob
1445 3609 1543 3676 quarn

396 3814 443 3914 ἰ)
481 3851 545 3904 Coc.
565 3867 590 3904 et
610 3852 642 3903 ali
661 3854 784 3923 deinceps
803 3853 843 3907 ed.
864 3855 919 3924 qais
937 3854 1022 3907 credit.
1041 3852 1239 3923 ridstipulantur
1252 3853 1371 3908 nonnulli
1391 3854 1463 3908 MSS.
1483 3854 1529 3908 sed

431 3963 486 4000 non
505 3949 632 4017 potiores.

414 4035 443 4100 2)
479 4035 542 4087 Luc.
564 4036 603 4087 16.
625 4052 665 4088 rr.

416 4108 443 4171 3)
479 4106 522 4157 Pr.
542 4118 584 4172 43.
604 4122 648 4158 22.

413 4198 442 4260 4)
483 4209 505 4245 r.
524 4194 587 4247 Cor.
609 4209 647 4261 15.
669 4209 710 4262 3¹·
