3909 5400
896 721 1131 804 -697-

446 894 545 957 mant,
570 895 711 943 sanctam
751 875 924 944 Ecclesiam
960 877 1048 964 quasi
1074 878 1106 943 in
1129 874 1185 967 (r)
1210 874 1327 944 'erroris
1362 894 1459 942 nocte
1485 878 1569 964 posi·

444 1029 521 1086 tarn,
545 1009 582 1073 ad
606 1007 784 1073 diluculum
810 1008 954 1074 veritatis
979 1025 1097 1074 vocant
1134 1024 1295 1095 quatenus
1319 1026 1351 1073 et
1375 1030 1433 1096 per
1456 1010 1570 1095 cogni·

444 1116 569 1188 tion'em
595 1123 666 1200 Dei,
705 1122 794 1208 quasi
825 1143 881 1208 per
920 1121 1104 1188 diluculum
1142 1141 1263 1209 surgat,
1286 1140 1318 1188 et
1343 1144 1400 1209 per
1438 1144 1569 1209 precem

444 1239 656 1321 poenitentiae
680 1238 842 1324 praeterita
867 1234 976 1304 diIuat.
1003 1263 1020 1298 «
1045 1237 1078 1303 Si
1102 1234 1243 1325 mundus
1265 1254 1298 1302 et
1323 1255 1431 1303 rectus
1466 1239 1571 1304 inces-

444 1352 532 1415 seris.
559 1351 743 1416 »Mundus
778 1349 929 1417 uidelicet
953 1352 986 1416 in
1025 1352 1236 1438 cogitatione,
1272 1367 1380 1416 rectus
1403 1354 1435 1416 in
1459 1374 1568 1440 opere.

446 1455 603 1519 «Statim
642 1453 805 1542 evigilabit
830 1454 869 1521 ad
907 1472 950 1521 te.
975 1482 992 1519 u
1018 1458 1066 1524 Ac
1090 1457 1115 1520 si
1154 1474 1264 1561 aperte
1289 1453 1383 1523 dicat:
1423 1458 1510 1534 Quia
1534 1460 1570 1536 is,

443 1569 499 1655 qui
522 1588 609 1632 nunc
645 1567 905 1635 tribulationibus
944 1571 1008 1635 tuis
1043 1571 1203 1635 virtutem
1239 1591 1315 1636 suae
1355 1572 1570 1656 protectionis

443 1704 509 1747 non
534 1681 589 1769 (2)
614 1682 726 1760 exerit,
765 1684 821 1770 (3)
846 1683 935 1769 quasi
959 1682 997 1750 ab
1037 1682 1201 1750 adiutorio
1235 1686 1370 1751 errantis
1393 1682 1567 1750 dormit«

443 1788 482 1853 Et
517 1805 665 1874 pacatum
700 1788 812 1855 reddet
850 1787 1069 1856 habitaculum
1109 1790 1250 1855 iustitiae
1289 1806 1374 1854 tuae:
1400 1815 1417 1851 u
1444 1788 1567 1887 idest,

443 1905 617 1986 praesentis
632 1904 714 1968 vitae
739 1903 984 1968 contrarietates
1006 1921 1149 1982 amovet,
1174 1921 1207 1966 et
1224 1901 1467 1989 tranquillitatis
1492 1924 1566 1988 pro·

443 2015 531 2079 tinus
556 2018 762 2081 securitatem
789 2016 931 2100 praebet.
954 2016 1043 2095 Quia
1066 2018 1154 2079 enim
1180 2016 1322 2098 perversi
1344 2015 1463 2100 quique
1486 2033 1569 2079 tem-

389 2122 395 2133 '
442 2117 551 2204 porale
576 2119 730 2205 gaudium
764 2119 923 2204 singulare
948 2120 1119 2186 aestimant
1143 2116 1270 2183 divinae
1295 2119 1567 2183 remunerationis

443 2230 577 2314 bonum3
602 2254 682 2318 quae
708 2235 764 2318 ipsi
779 2237 873 2300 anxie
898 2230 1057 2312 ambiunt,
1081 2231 1161 2300 haec
1184 2231 1252 2299 aliis
1269 2254 1328 2319 pro
1352 2254 1472 2318 magno
1496 2233 1566 2319 pol·

441 2337 589 2403 licentur.
627 2340 720 2406 Unde
756 2337 947 2427 plerumque
985 2339 1048 2418 lit,
1079 2356 1114 2404 ut
1138 2356 1193 2405 aut
1226 2339 1339 2406 amissa
1385 2341 1567 2423 recuperari

440 2442 634 2529 spondeant,
672 2463 726 2511 aut
750 2443 788 2510 ad
813 2446 935 2510 maiora
959 2443 1065 2511 adhuc
1103 2447 1282 2532 praesentis
1317 2446 1400 2510 vitae
1425 2445 1566 2531 praemia

440 2554 624 2622 auditorum
649 2577 781 2622 suorum
818 2559 943 2623 animos
966 2557 1155 2623 extendant.
1185 2555 1284 2637 Quod
1309 2576 1456 2645 patenter
1496 2555 1566 2622 Bal-

440 2657 500 2725 dad
524 2661 685 2747 exprimit,
731 2684 805 2728 curn
830 2665 977 2749 protinus
1001 2660 1156 2749 adiungit:

818 2980 970 3047 CAPUT
995 2982 1179 3048 XXXVIII.

522 3199 628 3300 Quid
657 3201 742 3281 suis
772 3200 1019 3307 sequacibus
1048 3203 1304 3308 promittant.

509 3435 565 3519 Iu
594 3444 763 3543 tautum,
793 3438 854 3544 (4)
882 3445 930 3520 ut
957 3440 994 3520 si
1020 3440 1161 3545 priora
1191 3445 1261 3519 tua
1290 3438 1556 3544 fueritrtpur·

441 3598 504 3672 ou,
532 3576 568 3651 et
595 3570 810 3651 nouissimo
841 3577 913 3652 tuo
940 3569 1263 3678 multiplicentur
1290 3572 1421 3653 uitatis

432 3866 918 3938 1]qummfflmwm

430 3979 776 4042 2)fflwmmmm

431 4076 920 4145 mamwmwmmmm

409 4171 439 4240 4)
475 4172 575 4225 Bessar.
594 4172 636 4226 hic
654 4185 678 4226 et
699 4171 772 4234 intra,
792 4181 819 4225 ut
833 4176 936 4243 fueruat
956 4172 1092 4243 quomodo
1119 4175 1218 4243 legitur
1249 4175 1276 4227 tn
1301 4184 1372 4227 textu
1413 4172 1542 4227 Hebraico

447 4282 472 4322 et
494 4269 603 4323 Gracco.
1068 4275 1071 4282 '

1424 4409 1464 4473 88
