3909 5400
960 670 1195 751 -769—
1287 716 1291 725 ·

511 822 671 891 solerent?
696 824 782 893 Hinc
805 823 845 892 ad
870 824 1005 893 eandem
1030 824 1168 891 tudaeam
1194 822 1325 890 dicitnr:
1352 847 1368 882 α
1394 820 1489 907 Plaga
1514 822 1636 888 inimici

415 1014 419 1021 .
508 940 651 1021 percussi
678 954 721 1017 te,
746 940 959 1025 castigatione
986 938 1119 1005 erudeli.
1147 966 1163 1001 n
1190 938 1245 1026 (ι)
1272 940 1309 1004 lit
1345 958 1500 1002 rursum:
1527 961 1542 997 «
1569 937 1659 1013 Quid

513 1047 631 1115 clamas
654 1048 693 1116 ad
716 1072 768 1117 me
794 1073 889 1139 super
930 1056 1126 1119 contritione
1151 1054 1220 1117 tua?
1258 1050 1517 1121 insanabilisest
1545 1049 1638 1115 dolor

512 1178 600 1227 tuus.
627 1188 645 1225 »
671 1163 726 1251 (2)
751 1164 808 1230 Vir
833 1168 930 1251 igitur
965 1186 1094 1233 sanctus
1118 1167 1260 1252 aspiciat,
1285 1168 1359 1251 quie
1387 1162 1505 1229 nuliius
1542 1166 1639 1227 inter-

510 1285 611 1333 ventu
650 1267 758 1337 divina
792 1273 838 1336 ira
862 1274 1095 1358 restringitur,
1124 1294 1198 1337 curn
1237 1269 1481 1356 implacabiliter
1521 1272 1639 1333 exeita-

512 1388 575 1453 tur,
610 1390 643 1439 et
676 1372 770 1441 dicat:
798 1401 814 1439 u
839 1378 936 1453 Deus,
962 1383 1052 1442 cuius
1076 1380 1221 1442 resistere
1257 1380 1312 1442 ire
1348 1398 1445 1441 nemo
1481 1392 1636 1461 potest.»

510 1486 613 1566 Quod
649 1487 730 1555 bene
755 1507 787 1554 et
811 1488 849 1557 ad
874 1489 1046 1577 specialem
1082 1490 1285 1556 intellectum
1315 1489 1484 1565 ducimus,
1508 1489 1533 1552 si
1558 1490 1640 1551 eius-

512 1599 586 1666 dem
624 1602 726 1688 piebis
763 1603 956 1670 Israiliticae
997 1603 1112 1670 damna
1138 1627 1323 1695 pensinaus,
1364 1626 1458 1687 qnam
1493 1600 1640 1689 ¹Redem-

511 1722 585 1791 ptor
610 1729 665 1792 pet
690 1708 938 1805 dispensationis
963 1730 1039 1775 sune
1066 1711 1255 1794 mysterium
1280 1726 1428 1772 ostensus
1453 1705 1640 1790 snperbien-

512 1838 579 1887 tem
603 1820 776 1902 deseruit,·
798 1841 895 1910 atque
919 1820 958 1889 ad
995 1824 1191 1908 cognitionis
1228 1844 1303 1886 suae
1336 1823 1473 1905 gratiam
1510 1821 1636 1884 Gentes

512 1937 652 2001 vocavit.
680 1934 776 2003 Unde
800 1955 832 2001 et
856 1953 929 2023 apte
954 1958 1032 2001 mox
1055 1934 1215 2003 subditur:
1243 1960 1259 1997 e
1284 1933 1350 2001 Sub
1376 1956 1442 2022 quo
1461 1952 1638 1998 curuantur

513 2049 568 2136 qui
591 2066 720 2135 portant
745 2050 901 2115 orbem.»

582 2184 631 2248 30.
656 2165 719 2250 Ipsi
742 2166 864 2230 etenim
889 2162 1002 2229 orbem
1028 2180 1169 2248 portant,
1193 2164 1248 2251 qui
1278 2183 1368 2228 cures
1390 2160 1556 2247 praesentis
1579 2180 1638 2247 ste-

513 2265 579 2333 culi
605 2266 753 2333 tolerant.
777 2268 959 2333 Tantorum
986 2270 1103 2353 quippe
1130 2267 1273 2353 pondera
1303 2269 1522 2352 unusquisque
1546 2264 1639 2327 sesti-

511 2400 588 2446 nere
614 2380 829 2466 compellitur,
855 2383 988 2467 quantis
1012 2382 1044 2446 in
1070 2382 1130 2447 hoc
1156 2382 1280 2446 ntundo
1305 2382 1516 2469 principatur.
1545 2377 1638 2443 Unde

513 2486 722 2573 et(3)tettae
745 2489 893 2572 princeps
918 2509 984 2552 non
1001 2489 1180 2573 incongrue
1194 2489 1310 2554 Graeco
1337 2486 1467 2571 eloquio
1491 2482 1638 2564 βασιλέως

519 2589 649 2657 dicitur.
678 2590 764 2664 Λαός
789 2593 875 2656 enirn
911 2593 1050 2679 populus
1090 2597 1328 2677 interpretatur.
1354 2590 1502 2662 Ιίασιλὲυς
1543 2592 1639 2673 igitur

512 2692 605 2777 βασις
643 2697 716 2761 ineu
746 2718 887 2774 vocatur,
915 2698 1002 2786 quod
1025 2699 1137 2765 Latina
1162 2697 1313 2763 videlicet
1337 2697 1446 2783 lingna
1472 2694 1551 2760 basis
1576 2716 1635 2779 po-

513 2811 580 2896 puli
603 2809 729 2879 dicitur:
753 2813 827 2899 quia
851 2811 999 2878 videlicet
1025 2793 1090 2897 ipse
1114 2833 1209 2896 super
1248 2833 1280 2874 se
1306 2809 1461 2896 populum
1488 2811 1635 2878 sustinet.

512 2926 567 3012 qui
592 2943 701 2992 motus
726 2925 822 3004 illius,
858 2927 1024 3012 potestatis
1049 2923 1191 3012 pondere
1217 2923 1299 2988 fixus
1324 2924 1416 3007 regit.
1443 2923 1520 2998 Quo
1544 2925 1634 2984 enim

513 3037 732 3107 subiectorum
770 3060 903 3104 suorum
927 3060 1026 3104 onera
1050 3037 1175 3113 tolerat,
1215 3058 1254 3101 eo
1280 3013 1384 3122 quasi
1404 3051 1637 3120 superpositam

515 3151 689 3220 columnata
714 3152 795 3218 basis
819 3171 937 3239 portat.
962 3153 1079 3218 Beatus
1103 3153 1200 3236 igitur
1232 3149 1289 3214 lob
1327 3152 1445 3214 uirtute
1472 3133 1636 3232 propheti·

516 3262 545 3325 ci
567 3259 684 3345 spritus
707 3258 819 3345 plenus
854 3259 983 3343 aspiciat
1015 3257 1101 3345 quod
1128 3257 1231 3322 [ndei
1271 3255 1439 3328 deseritur,
1477 3271 1572 3337 atque
1597 3251 1636 3316 ad

514 3365 689 3434 divinitatis
712 3366 836 3432 cultum
861 3367 1007 3451 gentium
1047 3367 1206 3451 principes
1241 3362 1447 3437 inclinentur,
1484 3377 1514 3423 et
1539 3356 1634 3422 dicat:

516 3503 533 3540 u
559 3479 656 3557 Deus,
682 3479 772 3543 cuius
796 3465 1024 3544 resistere'irae
1060 3499 1157 3542 nemo
1181 3493 1300 3563 potest:
1325 3472 1384 3538 snb
1410 3493 1475 3559 quo
1501 3491 1636 3534 curvan-

514 3608 578 3672 tur,
602 3594 810 3681 qui·portant
835 3592 960 3658 orbem.
986 3618 1001 3655 n
1028 3596 1074 3659 Ac
1099 3593 1124 3657 si
1149 3608 1256 3677 aperte
1274 3588 1410 3656 fateatur
1435 3585 1554 3649 dicens:
1581 3581 1635 3669 (q)

513 4047 540 4115 3]
580 4045 690 4100 Vindoc.
709 4051 730 4096 rt
748 4051 811 4098 recte
828 4046 947 4116 pritnrps.

512 4144 542 4206 4)
578 4140 693 4196 Vindoc.
712 4140 805 4210 Lyran.
825 4154 851 4194 et
870 4141 957 4210 uigor.
976 4144 999 4192 ci
1017 4140 1136 4194 §rediretur
1155 4177 1161 4192 .
1181 4176 1188 4191 .
1211 4136 1331 4196 .desrris.
1349 4141 1372 4188 et
1391 4140 1479 4189 erectas
1496 4137 1623 4205 poietieict

528 4244 570 4293 etc.
