3909 5400
897 676 1042 759 —775
1069 721 1119 736 -

352 886 355 891 .
427 835 561 916 velatur,
586 833 752 904 Psalmista
784 848 966 913 attestante,
991 833 1065 920 quia
1088 833 1142 899 ait:
1183 857 1200 895 <t
1227 832 1314 900 Deus
1337 831 1394 922 (1)
1418 833 1523 902 manif
1537 872 1548 885 ·

428 965 496 1016 stus
521 950 641 1016 veniet:
677 949 766 1015 Deus
790 966 913 1029 noster,
942 965 975 1014 et
1013 967 1081 1013 non
1104 943 1217 1012 silebit.
1241 946 1326 1032 Ignis
1349 949 1383 1013 in
1418 969 1549 1035 conspe·

427 1080 481 1128 ctu
506 1064 574 1128 eius
598 1061 731 1129 ardebit:
755 1078 788 1128 et
811 1063 999 1127 incircuitu
1022 1064 1090 1127 eius
1114 1079 1286 1147 tempestas
1302 1061 1416 1130 valida.
1443 1089 1460 1126 n
1487 1065 1503 1150 (
1528 1065 1555 1151 )“

427 1174 521 1245 Unde
545 1193 578 1242 et
609 1175 769 1261 Propheta
794 1196 927 1263 quoque
951 1175 1029 1241 alius
1063 1172 1153 1242 dicit:
1180 1199 1197 1236 α
1223 1177 1384 1242 Dominus
1408 1179 1440 1243 in
1464 1197 1546 1244 tem·

423 1306 545 1378 pestate
570 1306 602 1354 et
625 1288 753 1356 turbine
778 1292 848 1356 viee
882 1294 963 1357 eius.
989 1313 1006 1352 n
1033 1288 1091 1376 (3)
1117 1288 1153 1355 ln
1177 1311 1243 1378 quo
1268 1290 1421 1358 nimirum
1446 1291 1547 1359 turbi-

424 1425 465 1470 ne
500 1402 622 1471 ideirco
645 1405 746 1471 iustus
769 1424 973 1491 nequaquam
1014 1404 1203 1483 conteritur,
1229 1406 1304 1491 quia
1342 1427 1470 1493 semper
1494 1406 1546 1473 hic

423 1517 559 1584 sollicite
584 1520 710 1598 metuit,
734 1539 775 1584 ne
799 1534 997 1583 conteratur.
1021 1515 1195 1604 Perpendit
1220 1540 1360 1606 namque
1383 1519 1488 1586 adhuc
1514 1522 1546 1587 in

425 1625 599 1708 praesentis
622 1625 708 1690 vitae
732 1624 845 1689 itinere
872 1625 1078 1700 constitutus,
1103 1621 1388 1689 humanisactibus
1411 1643 1545 1692 exactor

425 1757 562 1822 operum
587 1758 684 1826 quam
709 1736 1137 1821 districtusappare213qui
1163 1734 1320 1823 quosdam
1352 1752 1429 1803 tunc
1453 1756 1545 1806 reatu

425 1840 538 1928 culpae
572 1841 739 1930 originalis
778 1841 959 1919 adstrictos,
983 1841 1081 1906 etiam
1103 1841 1174 1907 sine
1210 1838 1364 1926 operibus
1401 1839 1544 1910 damnat.

424 1946 520 2013 Unde
543 1963 631 2014 recte
656 1949 705 2016 vir
743 1963 873 2016 sanctus
894 1966 935 2015 ex
958 1943 1091 2012 humani
1129 1945 1257 2033 generis
1280 1966 1362 2014 voce
1396 1947 1545 2034 protinus

423 2059 587 2150 adiungit:

842 2344 995 2416 CAPUT
1017 2348 1107 2423 XXI.

505 2580 768 2670 Damnantur
794 2591 957 2697 parvuli
985 2619 1039 2676 ex
1067 2594 1155 2678 sola
1181 2594 1301 2703 eulpa
1333 2593 1539 2703 originali.

505 2837 562 2922 Et
588 2841 878 2953 multiplicabit
891 2849 1061 2934 vulnero
1087 2877 1173 2934 mea
1199 2849 1416 2934 etiamsine
1443 2874 1539 2933 cou-

419 2996 481 3054 sn.

443 3322 482 3390 39
567 3302 682 3369 onnuli
704 3303 826 3371 etenim
859 3304 987 3390 priusa
1019 3305 1169 3391 praesentl
1192 3303 1265 3371 luce
1299 3300 1542 3386 subtrahuntur,

420 3427 516 3496 quam
530 3408 630 3498 (4)ad
644 3410 836 3497 proferenda
848 3410 933 3479 bona
955 3410 1080 3478 malave
1093 3411 1207 3480 merita
1218 3411 1333 3481 activae
1342 3412 1419 3479 vitae
1432 3402 1544 3498 petve-

395 3624 615 3641 nanum-mmm
616 3627 682 3641 uuuuu
684 3627 728 3644 m

431 3687 493 3725 nem
512 3672 609 3726 reiecit.

414 3770 443 3836 1)
479 3770 517 3821 lta
534 3768 608 3823 MSS.
628 3772 656 3824 lu
675 3768 791 3841 vulgatis
809 3774 951 3844 ntaniseste.

412 3864 441 3933 ι]
478 3864 521 3917 Ps.
540 3877 582 3931 ⁴9·
603 3879 626 3933 3.

411 3964 441 4029 3)
476 3961 589 4016 Nahum.
611 3976 633 4015 1.
654 3976 677 4030 3.

410 4058 441 4127 4)
477 4057 578 4112 Bellov.
596 4058 710 4130 Longip.
729 4059 834 4115 Gemet.
853 4074 880 4116 ct
898 4060 941 4116 alii
974 4059 1102 4117 Nomian.
1135 4080 1210 4133 qoam
1228 4063 1260 4117 ad
1287 4062 1449 4136 proruerenda
1467 4063 1530 4117 bono

428 4154 529 4207 molave
546 4154 642 4208 merila.
661 4158 691 4209 ln
708 4156 762 4210 MS.
782 4155 858 4211 Colb.
877 4173 892 4210 a
910 4158 1045 4223 Remotio,
1065 4160 1104 4213 uti
1122 4158 1265 4215 verisimile
1283 4174 1331 4225 est,
1359 4160 1531 4232 qui„singu-

428 4248 470 4305 los
487 4249 568 4309 libros
591 4251 618 4308 in
636 4251 752 4324 capitula
770 4252 866 4321 divisit,
886 4255 979 4326 eisque
999 4256 1154 4317 summarias
1173 4256 1319 4318 sententias
1337 4256 1464 4329 praefixit,
1483 4256 1529 4311 ad-
