3909 5400
481 1120 522 1167 ira
545 1120 605 1186 pro
629 1099 763 1168 veritate
799 1098 939 1180 tolerat,
976 1119 1017 1164 eo
1050 1096 1249 1166 aeternitatis
1286 1096 1409 1185 premia
1444 1082 1564 1166 c'ertius

477 1229 553 1279 erat.
579 1210 674 1280 Unde
698 1230 731 1278 et
755 1230 827 1299 apte
852 1208 1012 1281 subditur:

860 1457 1013 1528 CAPUT
1048 1460 1125 1524 XX.

482 1685 546 1769 Eo
576 1687 729 1768 certius
749 1686 793 1766 in
810 1680 952 1768 'Deum
976 1692 1114 1793 sperat
1128 1685 1274 1795 iustus,
1294 1714 1374 1794 quo
1393 1685 1558 1805 duriora

440 1844 514 1925 pro
543 1816 617 1900 illo
646 1818 819 1926 patitur.

520 2082 577 2166 Ei
606 2082 763 2167 habebis
791 2082 996 2189 fiduciam,
1022 2083 1229 2191 proposita
1259 2078 1335 2163 libi
1362 2107 1441 2187 spe.

458 2342 638 2518 mffilanto
662 2447 801 2515 namque
825 2447 897 2514 spes
919 2427 953 2492 in
977 2425 1086 2492 Deum
1124 2423 1256 2493 solidior
1287 2425 1402 2511 surgit,
1440 2440 1563 2513 quanto

426 2563 496 2628 ⁸pio
520 2540 575 2607 illo
599 2541 733 2628 quisque
756 2539 905 2627 graviora
928 2537 1108 2627 pertulerit:
1134 2541 1208 2627 quia
1232 2518 1435 2629 nequaquam
1470 2541 1562 2607 retri-

437 2649 580 2716 butionis
603 2646 758 2736 gaudium
792 2647 831 2714 de
854 2648 1047 2716 aeternitate
1086 2646 1265 2736 colligitur,
1298 2645 1385 2736 quod
1420 2667 1486 2714 non
1510 2647 1567 2750 liic

435 2755 522 2840 prius
545 2755 596 2841 pia
619 2752 824 2820 tribulatione
848 2754 1034 2821 seminatur.
1051 2752 1136 2819 Hinc
1162 2756 1253 2820 enim
1279 2775 1337 2839 per
1360 2751 1566 2821 Psalmistam·

394 2863 400 2874 “
436 2866 563 2934 dicitur:
590 2891 606 2929 a
631 2866 753 2934 Euntes
790 2862 880 2934 ibant
904 2884 936 2933 et
976 2862 1108 2945 flebant,
1144 2866 1311 2930 mittentes
1334 2867 1459 2930 semina
1494 2885 1561 2945 sua3

434 2981 604 3046 venientes
627 2999 736 3048 autern
760 2985 893 3049 venient
917 2984 949 3048 in
973 2981 1186 3056 exultatione,
1211 2997 1379 3066 portantes
1414 2981 1560 3065 manipu-

436 3090 484 3158 los
498 3115 612 3159 suos.»
633 3094 689 3181 (1)
712 3095 801 3161 Hinc
824 3094 941 3162 Paulus
964 3095 1020 3161 ait:
1038 3120 1054 3157 a
1069 3097 1102 3162 Si
1119 3095 1364 3171 commorimur,
1389 3111 1421 3157 et
1447 3094 1558 3159 convi-

435 3218 559 3279 vemus;
582 3199 607 3262 si
619 3197 846 3279 substinemus,
859 3216 891 3265 et
905 3197 1188 3285 conregnabimus.
1212 3224 1228 3261 a
1245 3196 1301 3285 (2)
1313 3198 1398 3264 Hinc
1412 3196 1552 3284 discipu·
1568 3215 1570 3219 ·

435 3309 483 3377 los
507 3308 661 3377 admonet
684 3310 805 3379 dicens:
832 3337 848 3376 a
874 3314 934 3379 Per
958 3311 1075 3379 multas
1098 3310 1323 3379 tribulationes
1344 3329 1476 3399 oportet
1500 3333 1561 3377 nos

435 3423 572 3489 introire
612 3425 645 3490 in
668 3445 806 3512 regnum
830 3425 902 3493 Dei.
942 3451 959 3489 u
990 3424 1047 3514 (3)
1069 3425 1155 3491 Hinc
1193 3427 1388 3492 Sanctorum
1423 3422 1560 3511 gloriam

435 3535 572 3604 Iohanni
595 3538 727 3625 angelus
755 3538 909 3619 indicans,
933 3541 988 3607 ait:
1014 3564 1030 3601 a
1070 3539 1112 3606 Hi
1138 3556 1214 3605 sunt
1239 3541 1294 3627 qui
1319 3554 1480 3604 venerunt
1518 3535 1558 3604 de

435 3649 640 3722 tribulatione
665 3673 789 3740 magna,
813 3670 846 3719 et
868 3653 1019 3720 laverunt
1042 3652 1142 3721 stolas
1165 3675 1246 3733 suas,
1270 3670 1302 3718 et
1327 3652 1382 3742 (4)
1403 3651 1556 3721 candidas

435 3788 487 3832 eas
510 3763 656 3832 fecerunt
679 3767 712 3832 in
735 3768 890 3854 sanguine
913 3768 1011 3856 Agni.
1037 3792 1053 3831 u
1080 3767 1135 3856 (ς)
1159 3768 1246 3847 Quia
1269 3767 1368 3855 igitur
1388 3788 1476 3834 nunc
1500 3790 1557 3856 per

431 4048 461 4112 ι)
478 4046 547 4099 Psal.
569 4061 627 4113 125.
646 4046 672 4101 6.

429 4143 459 4207 2)
478 4156 503 4194 2.
522 4141 593 4196 Tim.
614 4159 638 4198 2.
660 4158 701 4197 11.
719 4157 754 4198 ct.
775 4159 814 4198 ta.

430 4230 459 4299 ς)
497 4229 587 4285 Actor.
608 4243 649 4294 ta.
669 4246 711 4284 τι.

429 4331 462 4382 4·
501 4320 542 4373 Ita
559 4317 641 4373 Cotb.
660 4318 750 4384 Germ,
769 4320 870 4376 Gmret.
890 4335 917 4377 et
935 4322 1015 4376 ceteri
1035 4322 1125 4378 Nomi.
1145 4321 1239 4394 aliique
1257 4321 1330 4377 MSS.
1350 4322 1457 4377 Atediti
1477 4321 1542 4375 bal-

447 4414 573 4467 bauarunt
588 4430 637 4466 eas.

434 4512 462 4566 s·
497 4501 581 4570 apoc.
600 4512 625 4568 7·
645 4514 686 4567 iu
