3909 5400
872 657 1102 736 —857-

420 814 481 878 iam
509 814 655 900 coeperit
682 810 769 899 qnod
795 809 979 877 timebatur:
1007 811 1070 878 illic'
1098 831 1127 874 et
1156 807 1248 875 tlolor
1273 807 1411 885 dilaniat,
1436 827 1466 871 et
1493 828 1544 889 pa·

419 948 478 992 vor
502 945 661 1012 angustat.
685 924 858 991 Horrenda
885 928 981 1011 igitur
1008 925 1107 989 modo
1132 925 1191 988 erit
1216 942 1295 986 tunc
1321 920 1467 1006 roprobis
1492 921 1544 984 do

419 1038 466 1102 lor
491 1061 564 1103 cum
591 1038 773 1116 formidine,
798 1038 925 1102 flamma
951 1058 1024 1100 cum
1050 1036 1260 1102 obscuritate.
1284 1037 1336 1101 Sic
1362 1039 1407 1097 sic
1433 1032 1543 1097 uideli-

419 1172 469 1217 cet
493 1177 510 1218 a
534 1155 693 1218 damnatis
716 1156 826 1218 sentiri
851 1152 977 1238 pondus
1002 1174 1145 1216 summae
1170 1152 1344 1236 aequitatis
1374 1147 1480 1212 debet:
1508 1166 1542 1210 ut

419 1268 474 1351 qui
498 1290 513 1330 a
539 1265 704 1330 voluntate
731 1266 908 1331 corrtlrtoris
933 1285 1134 1349 nequaquam
1159 1282 1233 1326 sunt
1260 1263 1354 1326 veriti
1380 1259 1540 1345 discrepa

418 1403 450 1445 re
475 1379 551 1443 dum
577 1381 734 1457 viverent,
761 1383 791 1444 in
817 1401 930 1444 eorum
958 1376 1156 1464 quandoque
1191 1377 1323 1439 interitu
1349 1377 1413 1458 ipsa
1438 1398 1454 1438 a
1478 1379 1543 1437 suis

419 1490 623 1577 qualitatibus
656 1497 752 1557 etiam
790 1510 951 1557 tormenta
991 1489 1186 1555 discordem:
1212 1509 1369 1574 quatenus
1405 1510 1471 1574 quo
1509 1510 1541 1550 se

418 1607 620 1688 impugnant,
655 1606 812 1668 cruciatus
849 1622 1012 1687 augeant;
1047 1624 1078 1667 et
1121 1624 1194 1666 cnm
1237 1605 1321 1673 varie
1366 1600 1540 1688 prodeunt,

419 1716 636 1801 multipliciter
661 1721 849 1780 sentiantur.
875 1718 966 1792 Quae
994 1737 1099 1781 tamen
1137 1713 1289 1800 supplicia
1316 1719 1345 1778 in
1370 1737 1402 1779 se
1418 1713 1543 1777 demer-

419 1851 471 1893 sos
495 1850 526 1894 et
553 1829 631 1894 ultra
657 1831 739 1893 vires
764 1833 918 1906 cruciant,
943 1848 974 1894 et
1000 1832 1030 1893 in
1056 1835 1100 1893 eis
1129 1833 1209 1894 virae
1230 1828 1411 1892 'subsidium
1437 1830 1542 1890 extin-

417 1961 553 2027 guentes
589 1964 727 2007 servam:
754 1964 787 2006 ur
811 1946 855 2006 sic
897 1963 1004 2005 viram
1028 1943 1185 2006 terminus
1221 1945 1343 2025 puniar,
1383 1959 1541 2026 quatenus
1598 1922 1600 1929 ¹

417 2077 542 2138 semper
567 2056 633 2118 sine
659 2058 802 2119 termino
828 2055 882 2140 (1)
908 2056 1068 2118 cruciatus
1094 2056 1290 2138 viva13qura
1315 2070 1350 2117 et
1378 2051 1415 2115 ad
1440 2048 1540 2114 finem

417 2190 473 2253 per
497 2188 659 2232 tormenta
686 2187 847 2252 properat,
872 2187 904 2233 et
927 2173 996 2232 sine
1021 2165 1084 2231 fine
1109 2165 1264 2232 deficiens
1287 2165 1389 2231 durat.
1415 2165 1465 2230 Fit
1489 2185 1538 2228 er-

418 2301 460 2365 go
485 2282 607 2345 miseris
631 2302 717 2345 mors
751 2284 818 2346 sine
845 2301 960 2359 morte,
984 2279 1058 2346 finis
1081 2284 1153 2369 sine
1188 2280 1262 2359 fine,
1287 2278 1433 2346 d.·fectus
1473 2303 1541 2346 srne

418 2392 556 2459 defectu:
583 2397 655 2479 quia
680 2415 711 2458 et
738 2417 828 2460 mors
853 2397 944 2474 vivit,
970 2415 1002 2460 et
1026 2394 1097 2460 linis
1131 2416 1260 2481 semper
1285 2397 1405 2481 incipit,
1431 2412 1464 2465 et
1488 2394 1543 2460 de-

418 2505 515 2571 ficere
540 2505 685 2573 defectus
709 2512 820 2573 nescit.
845 2510 932 2586 Quia
957 2511 1055 2595 igitur
1080 2528 1112 2574 et
1136 2532 1223 2575 mors
1246 2511 1385 2596 perimit,
1410 2527 1442 2574 et
1474 2532 1540 2574 non

418 2620 694 2702 extinguindolor
720 2627 850 2702 cruciat,
879 2622 933 2686 sed
959 2621 1142 2687 nullatenus
1167 2644 1320 2709 pavorem
1338 2619 1536 2707 fuganllam·

419 2757 471 2800 rna
497 2734 669 2812 comburit,
704 2737 759 2801 sed
785 2758 986 2822 nequaquam
1035 2734 1183 2800 tenebras
1207 2735 1347 2800 discutit:
1383 2753 1541 2820 quantum

419 2868 474 2931 per
499 2850 646 2914 notitiam
674 2852 847 2933 praesentis
873 2853 955 2914 vitae
993 2847 1166 2932 colligitur,
1203 2847 1357 2933 supplicia
1394 2847 1541 2912 ordinem

419 2982 484 3024 non
509 2960 639 3038 habent,
664 2985 744 3047 quae
770 2985 835 3025 noo
859 2984 948 3027 suam
974 2983 1029 3049 per
1055 2964 1162 3026 omnia
1199 2961 1385 3047 qualitatem
1412 2980 1540 3025 terrem.

489 3093 546 3140 122
571 3077 728 3152 Quamvis
753 3075 817 3139 rllrc
830 3079 915 3161 ignis
940 3094 971 3140 er
987 3076 1024 3140 acl
1039 3074 1295 3140 consolationem
1315 3097 1379 3140 non
1393 3075 1491 3147 lucet,
1509 3096 1540 3139 et

419 3203 537 3264 tamen,
556 3205 590 3250 ut
616 3189 714 3272 magis
729 3208 887 3273 torquear,
912 3187 949 3253 acl
975 3187 1093 3274 aliquid
1117 3187 1214 3253 lucer.
1235 3189 1313 3253 Nam
1329 3190 1538 3273 sequrces(2)

424 3322 570 3387 quosque
595 3323 669 3365 suos
692 3324 801 3368 secum
827 3305 858 3367 in
884 3321 1049 3368 tormento
1071 3301 1214 3388 ¹reprobi
1239 3301 1366 3368 flamma
1390 3301 1544 3368 illustram

420 3431 462 3493 te,
488 3417 584 3480 visuri
619 3433 704 3493 sunt,
737 3437 876 3501 quorum
913 3438 1022 3481 amore
1049 3415 1265 3503 deliquerum3
1297 3435 1464 3503 qnatenus,
1489 3420 1544 3504 qui

420 3548 532 3590 eorum
560 3532 656 3593 vitam
684 3527 851 3594 carnaliter
878 3549 990 3595 contra
1022 3549 1181 3616 precepta
1205 3531 1382 3595 conditoris
1414 3554 1543 3595 amave·

420 3660 500 3718 ranr,
519 3644 658 3726 ipsorum
684 3663 812 3729 quoqne
839 3665 893 3707 eos
920 3645 1066 3708 imeritus
1097 3643 1129 3706 in
1155 3662 1367 3728 augmentum
1395 3666 1464 3707 snae
1490 3642 1542 3708 tla-

421 3760 593 3820 mnationis
616 3756 743 3842 affligat.
769 3758 867 3834 Quod
893 3756 1050 3844 profectu,
1069 3758 1243 3844 Evangelio
1265 3776 1451 3837 attestante,
1475 3756 1541 3821 ccl-

418 4036 444 4071 1·
482 4021 592 4072 Vinum.
613 4023 736 4073 errrciulur
754 4033 796 4091 prr
816 4027 934 4072 lurnrenla
951 4023 1073 4091 proferat.
1094 4020 1209 4073 German
1245 4018 1346 4072 libroic·
1367 4031 1392 4071 et
1411 4018 1543 4089 plerique·

430 4107 525 4162 Nurm.
542 4111 665 4162 arrre‘arns
683 4110 781 4177 afficiat.
802 4108 877 4161 Colb.
897 4110 978 4160 vival.

415 4220 443 4256 2·
482 4207 516 4256 lta
537 4205 637 4258 (iernet
660 4204 747 4258 etalii
768 4203 858 4258 Norm.
878 4206 922 4258 ubi
942 4205 1006 4260 Cos.
1027 4217 1125 4274 etseq.
1145 4221 1238 4275 quoqne
1257 4220 1303 4275 pro
1323 4221 1436 4274 qrtospnc.

1395 4416 1453 4481 108
1481 4379 1492 4396 .
