3909 5400
870 699 1105 781 -773-

846 935 997 1004 CAPUT
1023 937 1113 1004 XIX.

500 1156 647 1238 Animi
675 1156 785 1238 inter
812 1157 1014 1240 orandum
1042 1158 1298 1241 alternantes
1327 1168 1411 1242 mot
1445 1187 1477 1242 o.

499 1362 557 1446 Et
584 1392 672 1446 cum
699 1366 942 1448 inuocantem
970 1395 1029 1448 me
1068 1365 1306 1474 euatrdietit,
1346 1395 1427 1452 nott
1464 1394 1544 1451 cte·

422 1485 472 1568 do
504 1486 612 1596 quud
638 1487 862 1571 obaudierit
889 1516 1014 1572 uocem
1041 1517 1176 1572 meatu.

440 1654 721 1821 ”ffilerumque
756 1735 879 1800 etenim
911 1754 1005 1799 mens
1045 1733 1147 1800 divini
1170 1735 1290 1801 amoris
1323 1735 1378 1822 (1)
1403 1735 1473 1819 igni
1496 1754 1549 1801 ac·

414 1846 574 1926 tenditur,
614 1862 713 1933 atque
737 1847 776 1914 ad
800 1845 956 1913 intuenda
979 1848 1129 1929 caelestia,
1152 1865 1185 1916 at
1207 1869 1322 1916 arcana
1345 1847 1544 1917 sublevatur.

413 1960 464 2029 nd
489 1981 615 2027 summa
653 1962 718 2027 iarn
745 1962 879 2047 rapitur,
903 1978 936 2026 et
961 1960 1108 2046 perlecto
1144 1959 1303 2029 desiderio
1342 1980 1549 2049 compuncta,

414 2072 453 2142 ab
477 2073 596 2140 infimis
619 2073 787 2141 alienatur:
812 2073 868 2139 sed
892 2075 1063 2159 repentina
1086 2075 1266 2142 tentatione
1288 2095 1450 2161 percussa,
1474 2095 1547 2162 quae

414 2190 600 2254 intentione
626 2186 703 2255 forti
726 2205 835 2255 erecta
857 2189 890 2253 in
914 2186 1021 2255 Deum
1058 2185 1170 2268 luerat,
1195 2185 1321 2255 obortis
1345 2189 1549 2274 cogitationi·

414 2301 473 2369 bus
496 2301 649 2377 transfixa
684 2318 848 2384 curvatum
882 2302 926 2369 ita
954 2319 990 2367 ut
1028 2302 1233 2388 semetipsam
1273 2302 1453 2369 discernere
1494 2323 1550 2369 ne·
1589 2338 1596 2354 ·

414 2432 520 2504 queat,
558 2432 654 2502 atque
687 2416 772 2483 inter
812 2416 894 2482 vitia
929 2416 1138 2504 virtutesque
1178 2413 1386 2503 deprehensa,
1425 2437 1466 2483 ex
1489 2436 1551 2504 qua

415 2545 504 2615 parte
535 2529 575 2593 sit
600 2527 759 2595 valentior
793 2549 859 2595 non
884 2545 1046 2614 agnoscat.
1085 2528 1168 2597 Nam
1191 2550 1276 2617 saepe
1299 2530 1338 2597 ad
1362 2530 1424 2598 hoc
1448 2551 1550 2620 usque
1646 2620 1649 2627 Ι

413 2640 623 2727 perducitur,
648 2657 684 2707 ut
706 2640 843 2709 mitetur
867 2640 1035 2729 quomodo
1059 2659 1127 2710 tant
1151 2664 1278 2710 summa
1302 2638 1548 2730 conpreheirdit,

414 2769 510 2836 quum
555 2746 709 2832 cogitatio
732 2745 842 2813 illicita
866 2744 992 2832 polluit:
1027 2764 1059 2811 et
1084 2767 1211 2814 rursum
1226 2747 1392 2835 quomodo
1427 2747 1551 2816 illicitas

413 2861 629 2949 cogitationes
666 2862 790 2946 recipit,
834 2880 930 2946 quarn
962 2879 1058 2944 super
1094 2881 1128 2925 se
1154 2857 1260 2926 valide
1289 2856 1398 2925 lervor
1422 2859 1553 2944 spiritus

414 2968 508 3053 rapit.
532 2967 629 3043 Quos
652 2964 852 3033 alternantes
876 2963 1112 3049 cogitationum
1136 2980 1245 3029 motus
1268 2962 1301 3027 in
1337 2963 1445 3028 animo
1469 2962 1551 3030 bene

413 3070 579 3139 Psalmista
620 3070 758 3148 intuens,
786 3069 846 3138 rit:
889 3091 906 3130 e
941 3070 1133 3135 Ascendunt
1172 3088 1274 3156 usque
1307 3066 1345 3134 ad
1381 3067 1487 3149 caelos,
1519 3086 1552 3135 et

414 3180 614 3250 descendunt
651 3178 814 3267 usquead
839 3172 979 3268 ibyssos.
1005 3205 1023 3243 s
1049 3180 1103 3267 (2)
1128 3180 1239 3266 Usque
1264 3177 1302 3245 ad
1328 3179 1424 3245 caelos
1457 3182 1552 3269 quip-

363 3331 366 3336 -
412 3311 453 3375 pe
478 3286 707 3366 ascendimus,
730 3305 806 3351 curn
829 3305 955 3352 sumina
979 3303 1194 3371 penetramus:
1219 3283 1274 3351 sed
1298 3284 1337 3353 ad
1351 3284 1480 3372 abyssos
1504 3307 1553 3351 us·

415 3414 478 3479 que
504 3390 749 3470 descendimus,
790 3411 864 3456 cum
903 3408 1083 3477 repentea
1123 3389 1385 3477 cotemplationis
1409 3388 1550 3456 culmine

414 3518 470 3582 per
506 3499 612 3581 turpia
635 3511 836 3563 tentamenta
859 3492 1039 3562 deiicimur.
1077 3494 1189 3562 Motus
1218 3498 1327 3582 itaque
1351 3496 1449 3560 animi
1473 3493 1552 3559 dum

413 3604 497 3668 inter
521 3616 597 3668 vota
621 3618 653 3667 et
678 3601 755 3667 vitia
777 3598 947 3679 alternant,
971 3600 1125 3665 nimirum
1161 3597 1220 3664 sibi
1245 3598 1473 3665 certitudinem
1499 3621 1552 3664 cx-

415 3714 586 3781 auditionis
621 3711 822 3781 obnubilant.
853 3714 954 3781 Recte
977 3734 1057 3802 ergo
1093 3712 1221 3780 dicitur:
1261 3738 1277 3774 u
1317 3713 1356 3780 Et
1399 3734 1472 3778 curn
1506 3715 1554 3779 in-

416 3834 599 3916 vocantem]
623 3850 675 3894 me
700 3826 887 3908 exaudierit,
911 3849 978 3894 non
1004 3827 1101 3895 credo
1126 3825 1212 3915 quod
1226 3826 1402 3895 exaudierit
1434 3849 1552 3894 uocem

416 4147 442 4207 1)
481 4143 549 4195 Utic.
569 4142 630 4211 Lyr.
649 4143 737 4212 Bigot.
757 4141 883 4195 disiderio.

415 4240 445 4305 2)
484 4236 553 4290 Psal.
575 4236 633 4292 106.
652 4237 694 4291 26.
