3909 5400
415 797 508 874 ciant,
549 794 602 861 sed
640 795 763 861 ultione
800 794 901 861 solida
937 815 1104 883 perpetuae
1140 793 1356 883 damnationis
1396 816 1534 862 servant.

414 911 507 986 Quae
532 909 702 996 aliquando
728 929 835 975 tamen
861 909 919 975 laci
943 908 1159 996 appellatione
1189 910 1366 994 signantur,
1391 911 1536 997 Prophe-

415 1032 446 1080 ta
483 1019 766 1101 attestante‚qui
790 1018 843 1107 ait:
872 1041 887 1076 r<
928 1016 1144 1083 Portaverunt
1194 1017 1405 1101 ignominiam
1445 1040 1534 1082 suam

382 1216 388 1227 ι
416 1149 489 1191 cum
515 1129 573 1207 iris,
598 1130 652 1216 qui
677 1128 878 1194 descendunt
902 1131 934 1195 in
959 1127 1075 1194 lacum.
1102 1155 1118 1191 n
1145 1129 1199 1216 (r)
1231 1128 1378 1196 infernus
1401 1152 1478 1216 ergo
1503 1150 1535 1194 et

415 1259 499 1307 terra
524 1244 720 1321 nominatur,
759 1243 831 1329 quia
856 1259 1025 1326 susceptos
1064 1240 1219 1308 stabiliter
1269 1260 1369 1321 tenet3
1393 1259 1424 1306 et
1450 1241 1537 1306 lacus

342 1346 345 1351 ¹
415 1354 543 1433 dicitur,
569 1358 642 1440 quia
667 1355 724 1421 hos
749 1378 830 1441 quos
855 1355 953 1420 semel
981 1357 1112 1440 ceperit,
1136 1377 1261 1440 semper
1287 1353 1487 1453 fluctuantes¹
1504 1374 1537 1419 et

415 1468 557 1552 trepidos
583 1472 752 1533 tormentis
770 1466 1243 1533 circumfluentibusabsorbet.
1266 1467 1402 1532 Sanctus
1427 1488 1535 1533 autern

415 1573 464 1636 vir
487 1572 553 1636 sive
578 1595 642 1650 sua,
668 1594 723 1636 seu
752 1572 883 1636 humani
907 1573 1035 1657 generis
1060 1592 1141 1635 voce
1181 1567 1302 1665 dimitti
1325 1593 1358 1636 se
1383 1571 1536 1658 postulat,

415 1694 586 1761 antequam
613 1675 716 1741 vadat:
742 1697 805 1743 non
832 1678 905 1762 quia
928 1675 965 1741 ad
1006 1693 1124 1741 terram
1150 1675 1353 1741 tenebrosam
1390 1678 1444 1767 qui
1470 1676 1536 1740 cul·
1590 1693 1592 1696 ’

415 1803 486 1866 pana
512 1781 607 1847 deflet
632 1785 733 1848 iturus
756 1801 813 1859 est;
839 1782 895 1860 sed
920 1784 993 1868 quia
1017 1781 1056 1848 ad
1093 1781 1173 1846 hanc
1198 1781 1310 1868 procul
1337 1781 1436 1847 dubio
1476 1786 1532 1867 qui

413 1893 564 1980 plangere
601 1894 744 1982 negligit,
769 1895 865 1962 vadit:
905 1899 989 1961 sicut
1014 1895 1153 1962 debitori
1176 1918 1235 1962 suo
1272 1898 1411 1963 creditor
1447 1897 1535 1964 dicit:

415 1999 512 2063 Solve
536 1998 681 2063 debitum
705 2000 792 2085 prius
817 2022 911 2086 qnam
938 2023 996 2086 pro
1021 1999 1132 2065 debito
1150 2001 1390 2087 constringaris;
1415 2005 1469 2089 qui
1495 2022 1537 2067 ta·

415 2135 580 2178 mennon
618 2116 861 2200 coner-ngirur,
885 2115 910 2179 si
935 2112 1022 2201 quod
1047 2112 1153 2193 debet,
1191 2113 1318 2179 solvere
1344 2137 1410 2179 non
1437 2136 1535 2179 mora·

415 2244 477 2290 tur.
503 2226 564 2292 Ubi
590 2246 620 2290 et
646 2245 733 2292 recte
757 2226 913 2293 subditur:
942 2253 958 2289 rr
983 2228 1057 2293 Non
1083 2246 1236 2296 revertar.
1262 2256 1278 2291 a
1304 2231 1391 2308 Quia
1415 2252 1535 2317 nequa-

416 2353 510 2416 quam
536 2330 617 2396 ultra
642 2331 858 2398 misericordia
877 2335 1040 2417 paesentis
1061 2330 1185 2412 liberat,
1210 2355 1290 2419 quos
1307 2334 1405 2400 semel
1431 2338 1461 2400 in
1489 2334 1536 2399 lo·
1611 2326 1617 2343 ¹

414 2437 458 2499 cis
483 2433 664 2519 poenalibus
690 2437 806 2502 iustitia
830 2436 1000 2503 iudicantis
1024 2437 1164 2505 damnat.
1202 2440 1289 2516 Quae
1328 2438 1432 2504 adhue
1458 2439 1533 2504 snb-

415 2545 502 2612 tilius
527 2547 599 2614 loca
622 2532 861 2628 describuni'ur,
884 2573 958 2615 curn
985 2550 1117 2618 dicitur:

835 2796 986 2864 CAPUT
1001 2797 1115 2861 LXIV.

499 3030 607 3131 Quos
636 3040 749 3111 tenet
777 3030 959 3113 infernus
989 3032 1088 3115 furis
1132 3033 1378 3137 cruciantur,
1419 3033 1531 3114 intus

421 3170 651 3244 caecantur.

507 3423 544 3502 T
543 3452 673 3505 arrum
704 3424 884 3504 arriserirre
912 3430 947 3503 ei
977 3423 1241 3505 tenebrarum.

421 3684 663 3844 nsfflisern
688 3756 724 3822 ad
751 3756 896 3823 dolorem
923 3761 1075 3842 pertinen
1100 3759 1250 3825 tenebrae
1277 3758 1313 3823 ad
1334 3762 1535 3823 caecitatem.

415 3863 458 3928 lia
483 3884 561 3948 ergo
602 3883 673 3947 qua)
697 3886 713 3927 a
738 3882 894 3948 cospectu
930 3861 1068 3928 districti
1094 3864 1207 3929 indicis
1246 3845 1534 3964 expulsos‘rener,
