3909 5400
875 684 1115 764 —823-

416 873 489 957 quia
513 872 538 935 si
562 890 744 936 mensuram
769 867 865 935 iudex
888 868 1124 935 tentationibus
1149 889 1215 933 non
1240 864 1380 952 praebet,
1404 888 1445 932 eo
1469 867 1538 953 ipso

414 974 560 1059 protinus
597 991 737 1040 stantem
772 972 894 1052 deiicit,
920 993 987 1059 quo
1019 971 1102 1038 ultra
1129 973 1211 1037 vires
1249 993 1349 1037 onera
1389 971 1539 1057 imponit.

416 1080 470 1146 Sic
493 1097 601 1146 autem
625 1078 737 1146 beatus
768 1077 825 1144 Iob
849 1076 999 1165 negando
1037 1078 1206 1166 requisivit
1230 1077 1291 1143 ista
1315 1097 1396 1164 quae
1428 1091 1540 1162 protu-

307 1210 311 1215 ·
415 1192 462 1270 lit,
487 1194 571 1258 sicut
594 1210 627 1259 et
663 1190 859 1280 requirendo
884 1208 979 1278 negat
1017 1212 1056 1258 ea
1079 1211 1164 1279 quae
1196 1189 1259 1257 illic
1295 1188 1470 1276 subiungit,
1493 1186 1540 1255 di-

416 1327 502 1374 cens:

825 1548 976 1616 CAPUT
1000 1547 1130 1614 xtvtt.

502 1811 617 1913 Quod
645 1820 741 1894 ante
769 1839 890 1893 omne
920 1820 1096 1919 tempuu.
1113 1810 1191 1912 Qui
1211 1837 1372 1917 semper
1400 1811 1535 1893 estin

419 1936 639 2041 praesentia
667 1935 746 2017 sibi
775 1944 922 2017 cuneta
952 1934 1198 2042 conspiciat.

501 2198 716 2307 Numquid
755 2199 861 2281 oculi
905 2201 1041 2282 curuei
1068 2197 1144 2282 titt
1168 2207 1279 2304 suut,
1319 2205 1392 2282 aut
1431 2198 1536 2277 sicut

421 2322 530 2404 uidet
572 2323 693 2425 homo,
721 2328 759 2403 ei
804 2328 849 2404 tu
877 2321 1049 2404 videbis?
1083 2319 1300 2429 Numquid
1324 2314 1427 2402 sicut
1454 2319 1537 2402 dies

423 2445 606 2550 itomiuiS,
649 2444 730 2528 dies
771 2444 856 2526 tut?
902 2451 939 2526 et
966 2446 1068 2527 uuut'
1108 2445 1171 2526 tui
1210 2446 1314 2527 sicut
1359 2444 1537 2526 ttuutuuu

420 2572 515 2647 suut
543 2574 728 2675 tempora,
757 2572 804 2648 ut
831 2593 1002 2673 quaeras
1042 2567 1297 2674 iniquitatem
1323 2593 1460 2669 uuum,
1500 2570 1537 2646 et

419 2704 620 2802 peccatum
659 2724 787 2777 meutu
827 2694 1040 2778 scruteris?
1085 2693 1143 2779 Et
1169 2697 1272 2777 scias
1303 2696 1403 2802 quia
1429 2691 1538 2775 utttt

420 2828 591 2933 impium
619 2828 790 2932 feceriut.

440 3096 611 3254 880culi
647 3178 754 3242 carnei
777 3174 859 3243 facta
883 3193 1072 3263 temporum
1106 3176 1260 3242 nonnisi
1285 3176 1486 3259 intempore
1511 3195 1541 3239 a·

415 3297 586 3367 gnoscunt:
612 3281 685 3367 quin
709 3298 741 3346 et
764 3281 823 3367 ipsi
847 3280 885 3347 ad
910 3280 1087 3347 videndum
1111 3301 1187 3345 cum
1210 3298 1358 3365 tempore
1383 3278 1538 3344 claudun·

416 3400 523 3464 tur;et
548 3384 706 3449 humanus
729 3384 816 3449 visus
842 3382 1010 3469 quodlibet
1033 3406 1116 3471 opus
1139 3385 1293 3472 sequitur,
1307 3402 1374 3449 non
1399 3404 1540 3469 precur-

415 3489 466 3553 rit:
492 3487 565 3574 quia
589 3487 644 3575 (1)
669 3487 722 3553 vix
745 3489 914 3553 existentia
938 3487 1061 3573 aspicit,
1085 3504 1118 3554 et
1143 3506 1282 3553 vuntura
1313 3485 1403 3553 nullo
1437 3485 1538 3551 modo

415 3594 569 3679 agnoscit.
594 3594 669 3659 Dies
708 3614 837 3680 quoque
859 3609 893 3657 et
931 3594 1008 3660 anni
1031 3592 1172 3659 hominis
1202 3590 1359 3660 adiebus
1391 3609 1425 3657 et
1448 3594 1540 3657 annis

415 3696 595 3785 discrepant
635 3699 833 3764 aeternitatis:
860 3698 933 3784 quia
971 3698 1072 3763 vitam
1108 3717 1261 3777 nostram,
1286 3719 1360 3785 quoe
1390 3714 1538 3783 tempore

415 3802 577 3887 incipitur,
602 3820 748 3887 tempore
773 3798 894 3881 finitur,
918 3800 997 3867 dunt
1032 3804 1116 3869 intra
1152 3804 1239 3868 sinus
1261 3803 1310 3867 sui
1334 3800 1539 3868 latitudinem

414 3905 543 3985 format,
568 3909 728 3972 eternitas
752 3905 895 3972 devorat.
922 3907 1023 3974 Cuius
1046 3907 1202 3988 nimirum
1228 3907 1440 3986 immensitas,
1464 3908 1538 3993 quia

412 4144 439 4211 2]
476 4144 571 4196 Ebroic
589 4146 635 4195 uis
652 4145 779 4196 existentia
803 4146 958 4216 concupiscit.
977 4148 1082 4218 Inquit
1113 4146 1243 4202 mendose
1273 4145 1447 4215 concupiscit,
1478 4158 1525 4212 pro

427 4242 552 4310 conspicit,
573 4242 643 4311 quod
663 4240 690 4293 in
710 4240 784 4297 MSS.
804 4240 907 4310 tegitur.
1500 4245 1505 4255 “
