3909 5400
2151 300 2245 364 13.
2293 274 2419 344 Sed
2467 279 2634 342 inter
2695 273 2849 343 haec
2898 276 3140 343 sciendi

2013 382 2257 469 quitate
2306 402 2438 446 non
2488 381 2703 460 fuerit,
2781 378 2955 468 quod
3004 381 3135 468 Sop

2012 494 2454 561 obiectionem
2503 496 2857 581 iniquitatis
2882 496 3140 581 increpa

2012 609 2266 676 Veritas
2344 611 2507 675 iuste
2585 608 2935 697 redarguit,
3006 608 3116 675 sed

2017 717 2165 801 quia
2234 712 2404 800 apud
2474 713 2958 781 misericordem
3031 713 3135 782 iud

2019 819 2204 907 culpa
2279 819 2687 908 relinquitur,
2736 841 2887 886 cum
2967 842 3080 907 per
3129 821 3148 887 ί

2017 952 2342 1019 peccatur.
2389 935 2589 1020 Saepe
2640 955 2919 1022 namque
2970 956 3149 1022 magr.

2020 1041 2363 1126 contingit,
2410 1057 2481 1105 ut
2530 1061 2661 1127 quo
2708 1037 2831 1107 alta
2878 1042 3140 1107 caritate

2023 1170 2439 1239 exaggerent,
2510 1170 2576 1219 et
2651 1152 2872 1241 lingua
2918 1152 3153 1243 aliquid

2021 1274 2312 1321 mentem
2389 1254 2653 1321 dilectio
2723 1274 3038 1344 quantum
3113 1255 3154 1323 d

2024 1358 2310 1446 prolatae
2387 1359 2821 1427 contumeliae
2869 1380 3054 1427 tanto
3132 1382 3156 1426 c

2027 1497 2152 1564 qua
2195 1474 2408 1542 radice
2465 1474 2756 1563 prodeat,
2805 1495 3127 1562 pensatur.

2027 1582 2242 1649 minus
2287 1584 2633 1668 praecepit,
2684 1579 2923 1649 dicens:
2977 1604 3012 1643 α
3061 1582 3128 1649 Si

2023 1693 2400 1784 simpliciter
2445 1697 2512 1764 in
2556 1694 2781 1766 silvam
2829 1694 2907 1763 ad
2952 1694 3124 1784 ligna

2032 1799 2269 1889 fugerit
2318 1823 2536 1883 manu,
2581 1800 2954 1889 ferrumque
3002 1800 3162 1887 lapSt

2033 1918 2438 2003 percusserit,
2485 1932 2551 1983 et
2628 1913 2964 1983 occiderit:
3031 1913 3132 1981 hic

2036 2029 2215 2095 bium
2261 2026 2488 2115 fugiet,
2533 2043 2603 2094 et
2649 2030 2849 2093 vivet.
2895 2027 2994 2095 Ne
3043 2023 3165 2092 fort

2038 2166 2148 2211 sus
2193 2160 2289 2211 est
2335 2143 2616 2229 sanguiS,
2666 2139 2909 2208 doloris
2955 2139 3167 2206 stimul

2037 2258 2146 2327 dat
2189 2278 2366 2339 eum,
2412 2274 2478 2322 et
2525 2258 2845 2344 percutiat
2893 2256 3169 2322 animam

2041 2394 2120 2461 pe
2167 2394 2319 2439 cum
2363 2372 2577 2439 amico
2625 2371 2816 2449 imuS,
2865 2372 3121 2458 quoties
3166 2410 3170 2419 ·

2042 2485 2278 2555 tuenda
2328 2485 2561 2553 delicta
2606 2502 2823 2551 nostra
2872 2485 3167 2551 converti

2043 2604 2337 2682 cidimuS,
2382 2621 2533 2667 cum
2582 2598 3100 2687 delinquentium
3149 2620 3174 2663 x

2045 2717 2083 2743 fl
2149 2719 2166 2741 ἱ
