3909 5400
875 691 1110 771 —811-

429 865 473 908 no
497 864 613 929 genere
638 842 790 930 supplicia
815 864 983 911 secuturae
1013 848 1127 911 mortis
1166 847 1336 932 expellere.
1376 849 1433 913 Vir
1459 849 1555 933 igitur

429 976 558 1021 sanctus
597 957 773 1024 humanum
799 981 900 1044 genus
926 960 1108 1025 consideret
1135 982 1199 1047 quo
1238 960 1382 1040 defluxit,
1406 982 1554 1027 aeternae

428 1074 542 1136 mortis
566 1071 692 1155 damna¹
706 1075 892 1158 conspiciat,
918 1077 970 1138 cui
995 1076 1149 1140 nimirum
1176 1093 1312 1153 constat,
1338 1064 1413 1163 quia
1437 1099 1556 1162 nequa-

428 1206 525 1269 quam
550 1174 683 1252 'iustitia
722 1186 860 1252 humana
885 1187 1095 1254 contradicat:
1133 1188 1240 1254 videat
1279 1211 1375 1276 quarn
1407 1212 1555 1274 perverse
1625 1198 1630 1207 '

426 1298 527 1363 ltomo
562 1298 765 1386 delinquent,
801 1298 909 1365 videat
934 1323 1029 1388 quam
1067 1301 1213 1367 districte
1250 1301 1412 1369 Conditor
1438 1288 1572 1367 contra·¹

427 1403 592 1469 hominem
616 1406 778 1484 irascatur,
817 1423 848 1469 et
875 1405 1090 1472 Mediatorem
1129 1407 1191 1472 Dei
1215 1425 1246 1472 et
1273 1407 1423 1486 hominis,
1449 1407 1556 1473 Deum

427 1525 458 1572 et
481 1510 649 1575 hominem
674 1513 824 1598 requirat.
1205 1581 1209 1589 ,

448 1637 496 1700 77,
513 1617 622 1692 Quem
649 1617 726 1701 quia
751 1615 852 1702 longe
877 1633 949 1702 post
973 1633 1149 1681 venturum
1175 1615 1369 1692 considerat,
1387 1616 1556 1702 deplorans

414 1729 523 1800 dicat:
553 1754 568 1789 a
593 1730 668 1793 Non
691 1745 738 1793 est
763 1732 819 1815 qui
844 1748 1021 1817 utrumque
1048 1726 1151 1796 valeat
1192 1751 1337 1816 arguere,
1363 1749 1394 1795 et
1431 1752 1553 1815 ponere

425 1865 555 1910 manum
582 1865 672 1909 suam
698 1846 728 1909 in
753 1841 922 1909 ambobus.
948 1870 964 1904 n
992 1843 1192 1929 Redemptor
1206 1846 1324 1931 quippe
1349 1844 1556 1928 humanige·

424 1952 519 2029 neriS,
544 1948 705 2015 Mediator
730 1950 791 2013 Dei
815 1967 848 2011 et
872 1947 1014 2013 hominis
1039 1970 1095 2033 per
1120 1969 1249 2013 carnem
1275 1946 1387 2025 factus,
1413 1950 1488 2032 quia
1512 1950 1555 2012 iu·

424 2081 497 2129 stus
520 2066 551 2128 in
577 2060 765 2127 hominibus
787 2059 874 2125 solus
898 2063 1055 2146 apparuit,
1080 2077 1113 2126 et
1137 2078 1244 2126 tamen
1270 2059 1307 2125 ad
1333 2082 1469 2146 poenam
1488 2060 1550 2125 cul·

424 2200 483 2264 pae
508 2229 517 2258 ,
542 2179 639 2241 etiam
675 2179 743 2241 sine
777 2175 870 2260 culpa
912 2176 1060 2260 pervenit
1084 2226 1092 2254 ,
1116 2191 1149 2240 et
1187 2175 1353 2240 hominem
1390 2176 1493 2260 arguit
1519 2197 1558 2239 ne

423 2293 635 2377 delinqueret,
659 2307 692 2354 et
717 2289 786 2354 Deo
806 2287 932 2355 obstitit
956 2311 996 2354 ne
1021 2288 1146 2354 feriret:
1175 2286 1323 2375 exempla
1349 2289 1555 2353 innocentiae

422 2394 579 2483 praebuit,
603 2416 740 2482 poenam
779 2392 917 2460 malitiae
956 2395 1113 2478 suscepit.
1138 2391 1296 2459 Patiendo
1324 2414 1406 2479 ergo
1431 2411 1560 2458 utrum-

422 2534 483 2597 que
508 2513 611 2596 arguit
635 2508 730 2596 ,quia
754 2524 786 2572 et
811 2506 937 2593 culpam
961 2506 1100 2575 hominis
1124 2557 1132 2584 ,
1156 2506 1212 2593 (ι)
1248 2506 1402 2572 iustitiam
1419 2508 1558 2592 aspiran-

423 2626 477 2708 do,
503 2625 668 2712 corripuit,
691 2641 723 2688 et
754 2624 836 2689 iram
861 2621 978 2687 iudicis
1018 2619 1192 2685 moriendo
1226 2621 1434 2706 temperavit:
1460 2637 1556 2706 atque

421 2743 453 2805 in
481 2742 631 2824 utrisque
665 2758 798 2803 manum
832 2736 973 2822 posuit,
1007 2736 1081 2820 quia
1115 2751 1148 2797 et
1173 2732 1320 2817 exempla
1360 2731 1555 2810 hominibus,

421 2873 502 2941 quae
527 2853 739 2927 imitarentur,
764 2850 921 2934 praebuit,
947 2866 979 2911 et
1005 2846 1077 2912 Deo
1101 2848 1133 2910 in
1170 2868 1202 2911 se
1227 2867 1337 2932 opera,
1359 2845 1476 2930 quibus
1507 2868 1556 2909 er·

419 2993 458 3056 ga
482 2969 629 3036 homines
668 2953 856 3051 placaretur,
881 2962 1034 3029 ostendit.
1070 2962 1186 3028 Nullus
1226 2970 1345 3048 quippe
1370 2978 1443 3025 ante
1468 2960 1555 3024 hunc

419 3076 534 3151 extitit,
559 3073 612 3158 qui
637 3072 680 3134 sic
703 3068 754 3157 [2]
779 3088 837 3154 pro
863 3067 971 3133 alienis
996 3065 1137 3132 reatibus
1161 3064 1376 3130 intercederet
1404 3116 1412 3141 ,
1437 3080 1472 3127 ut
1497 3063 1553 3150 (ς)

421 3187 568 3274 proprios
593 3204 658 3249 non
683 3181 825 3248 haberet.
843 3183 994 3248 AEternae
1020 3182 1117 3267 igitur
1133 3182 1229 3245 morti
1255 3197 1347 3243 tanto
1372 3180 1443 3264 quis
1468 3180 1499 3242 in
1525 3203 1556 3242 a·

420 3305 469 3370 liis
502 3301 633 3366 obviare
659 3318 724 3364 non
762 3312 898 3382 poterat,
939 3314 1067 3382 quanto
1093 3293 1183 3358 hunc
1218 3308 1324 3356 reatus
1357 3290 1394 3354 de
1420 3292 1556 3374 propriis

419 3413 651 3501 adstringebat.
689 3412 793 3478 Venit
832 3412 945 3495 itaque
969 3430 1079 3473 novus
1104 3406 1203 3471 ltomo
1228 3405 1267 3470 ad
1291 3406 1452 3480 homines,
1478 3424 1556 3466 con-

418 3529 574 3596 tradictor
600 3528 638 3593 ad
665 3525 807 3612 culpam,
842 3524 965 3589 amicus
990 3521 1027 3587 ad
1053 3542 1197 3607 poenam:
1235 3521 1314 3583 mira
1350 3517 1553 3594 monstravit,

400 3742 857 3841 rslnuemc‘t'eiralrtonn
882 3770 986 3841 Anglic.
1007 3786 1037 3822 ac
1067 3768 1190 3839 plerique.
1211 3770 1239 3820 ln
1258 3767 1336 3820 editis
1369 3765 1481 3835 legirur3
1499 3776 1541 3835 prr

431 3874 564 3924 instillant.
585 3872 687 3924 Bessat.
705 3880 749 3940 per
768 3863 891 3921 irrsliliurir
911 3907 917 3918 .
938 3905 946 3919 .
964 3905 971 3920 .
991 3874 1018 3917 ul
1035 3868 1147 3938 propria.

413 3966 441 4028 a)
478 3962 582 4014 Ebroic.
602 3960 662 4029 Lyr.
683 3960 774 4027 Bigot.
795 3957 866 4010 Utic.
887 3956 967 4009 Cotb.
987 3956 1077 4008 Germ.
1094 3966 1139 4024 pm
1157 3954 1250 4005 alienis
1272 3952 1402 4003 erratibus.

416 4063 445 4125 3)
481 4058 612 4111 Bellonae.
634 4056 714 4109 Corb.
734 4054 823 4108 Germ.
845 4053 952 4106 Gemet.
972 4070 1001 4105 ac
1033 4052 1113 4105 ceteri
1133 4051 1223 4103 Nonn.
1244 4056 1271 4101 ut
1296 4049 1397 4119 propriu
1424 4064 1470 4097 nnn
1491 4047 1534 4098 laa-

441 4157 517 4206 leret.
