3909 5400
855 754 906 767 —
935 710 1011 791 771
1040 755 1092 767 -

835 863 990 932 CAPUT
1012 864 1115 932 XVII.

496 1110 559 1194 De
586 1110 750 1194 iudiciis
778 1110 858 1193 Dei
884 1110 1095 1219 disputare
1122 1138 1205 1193 uun
1233 1119 1423 1220 possunt,
1462 1111 1534 1221 qui

420 1243 601 1350 pondere
631 1244 905 1350 corruptionis
933 1251 1190 1349 premuntur.

505 1492 691 1596 Quantus
717 1523 808 1602 eruo
835 1522 902 1602 eqo
929 1522 1029 1600 sum,
1058 1502 1105 1577 ut
1136 1496 1396 1604 respondeam
1424 1501 1470 1605 ei,
1499 1507 1536 1582 et

391 1665 393 1667 >
420 1617 565 1725 loquar
592 1617 719 1700 uerbis
747 1619 842 1700 meis
868 1644 955 1700 cum
984 1618 1067 1700 eo?

440 1874 568 2049 ὥς
593 1960 619 2026 si
642 1978 752 2046 aperte
777 1959 872 2027 dicat:
896 1962 928 2027 Si
963 1978 1110 2028 creatura
1133 1961 1188 2028 illa
1211 1961 1296 2028 hunc
1334 1963 1538 2029 considerare

415 2088 481 2134 non
505 2065 634 2145 sufficit,
659 2088 739 2153 quae
764 2086 859 2133 carne
883 2088 949 2132 non
974 2067 1144 2153 premitur;
1174 2088 1236 2154 qua
1259 2085 1369 2134 mente
1405 2067 1443 2133 de
1468 2070 1538 2135 eius

414 2193 477 2257 ego
502 2169 626 2236 iudiciis
665 2170 805 2255 disputo,
829 2171 884 2257 qui
923 2168 1067 2257 pondere
1106 2172 1330 2257 corruptionis
1368 2173 1540 2258 angustor?

415 2287 505 2351 Sicut
529 2300 637 2350 autem
660 2305 753 2371 saepe
801 2283 841 2350 ad
864 2305 924 2349 nos
962 2284 1061 2351 verba
1084 2285 1145 2350 Dei
1183 2305 1257 2351 sunt
1295 2283 1411 2352 iudicia
1445 2285 1538 2366 illius,

415 2419 497 2485 quae
520 2415 707 2463 nostrorum
746 2414 878 2464 actuum
910 2399 1107 2466 sententiam
1144 2397 1334 2486 loquuntur:
1359 2400 1402 2467 ita
1441 2399 1539 2466 verba

415 2529 524 2578 nostru
548 2509 586 2576 ad
625 2511 744 2591 Deum,
768 2527 844 2577 sunt
877 2533 976 2598 opera
1013 2533 1094 2601 quae
1117 2509 1318 2580 exhibemus.
1363 2511 1426 2579 Sed
1462 2534 1538 2578 cum

415 2624 488 2691 Deo
510 2624 601 2714 loqui
624 2624 733 2692 verbis
755 2627 821 2692 suis
845 2625 947 2693 homo
985 2646 1053 2692 non
1078 2624 1172 2704 valet,
1198 2627 1271 2714 quia
1294 2625 1378 2713 apud
1418 2623 1538 2691 subtile

414 2739 484 2803 eius
509 2736 674 2819 iudicium,
698 2738 817 2807 nullam
842 2739 880 2805 de
905 2740 969 2805 suis
992 2737 1117 2804 actibus
1140 2737 1292 2806 fiduciam
1317 2758 1417 2807 tenet.
1443 2741 1537 2808 Unde

415 2859 447 2906 et
470 2860 542 2930 apte
565 2841 722 2910 subditur:

808 3084 958 3151 CAPUT
1011 3084 1129 3152 xvut.

499 3319 614 3423 Quod
641 3347 693 3401 ex
721 3321 881 3402 iustitia
907 3348 989 3404 non
1030 3322 1073 3401 in
1114 3321 1247 3425 nobie,
1276 3322 1347 3403 sed
1374 3323 1418 3404 in
1451 3323 1534 3407 Do·

713 3453 824 3533 mino
848 3452 1135 3558 gloriandum*
1164 3461 1239 3535 est.

505 3732 585 3835 Qui
611 3732 673 3838 (1)
701 3733 737 3813 si
780 3731 951 3814 habuero
995 3734 1205 3841 quippiam
1242 3734 1409 3839 iustum,
1455 3762 1533 3817 non

424 3864 675 3973 respoudebO,
702 3863 769 3945 sed
794 3891 921 3945 meum
948 3864 1117 3946 iudicem
1146 3862 1394 3970 deprecabor.

413 4238 440 4302 1)
476 4239 512 4289 Ita
531 4238 648 4307 potiores
667 4238 739 4293 MSS.
760 4239 852 4293 Excusi
865 4238 970 4293 habent.
990 4241 1093 4292 ananus.
