3909 5400
861 667 1102 747 „745-

413 841 533 910 finibus
556 842 695 912 Hebraei
735 846 910 932 Apostolos
937 848 1105 934 pellerent,
1144 850 1272 916 lucrum
1298 875 1330 919 se
1356 853 1467 920 iecisse
1493 877 1542 920 ar-

414 953 523 1023 bitrati
546 975 633 1039 sunt,
658 958 745 1046 quod
770 961 1020 1046 praedicationis
1044 964 1155 1031 lumen
1179 969 1363 1032 amiserunt.
1384 968 1546 1053 Exigenti-

416 1066 475 1132 bus
500 1072 617 1158 quippe
643 1075 775 1152 meritis,
798 1075 880 1141 iusta
904 1076 1184 1144 animadversione
1210 1081 1363 1165 percussi,
1388 1098 1477 1145 tanto
1502 1082 1545 1144 in·

415 1180 612 1267 telligentiae
636 1206 746 1251 errore
773 1193 891 1255 caecati
916 1207 1002 1268 sunt,
1038 1211 1073 1257 ut
1099 1192 1184 1280 quod
1222 1192 1328 1258 lucem
1362 1193 1544 1279 perderent,

414 1293 476 1360 hoc
500 1316 567 1361 esse
591 1298 742 1383 gaudium
767 1318 926 1386 putarent.
951 1302 1014 1369 Sed
1038 1306 1172 1392 repulsis
1189 1305 1379 1395 Apostolis,
1403 1330 1459 1395 per
1484 1308 1545 1374 Ro-

415 1427 547 1472 manum
571 1411 718 1495 protinus
742 1415 926 1499 principem
952 1414 1074 1482 Titum
1099 1418 1206 1489 ludia
1234 1417 1421 1500 destruitur,
1447 1436 1544 1506 atque

415 1521 448 1584 in
474 1525 597 1587 cunctis
620 1521 769 1608 gentibus
792 1546 897 1611 sparsa
914 1527 1093 1617 dissipatur.
1121 1531 1215 1599 Unde
1228 1550 1260 1599 et
1276 1533 1438 1600 translatis
1453 1555 1545 1598 mon·

417 1622 510 1691 tibus
532 1645 619 1692 recte
643 1625 858 1717 subiungitur:

857 1896 1015 1964 CAPUT
1040 1898 1110 1963 Vll.

502 2158 566 2241 Ac
592 2158 836 2242 Iudaeorum
868 2160 1074 2270 dispersio

510 2416 591 2520 Qui
617 2427 823 2504 commouet
850 2427 1001 2504 tetram
1036 2415 1082 2502 de
1111 2419 1192 2501 loco
1219 2444 1304 2526 sico,
1332 2426 1368 2502 et
1395 2420 1541 2502 colam-

424 2579 497 2635 ncta
526 2551 613 2633 eius
642 2553 933 2636 concutiantur.

509 2817 561 2865 aa,

441 2824 578 2991 7Qe
602 2903 677 2970 loco
715 2906 833 2991 quippe
867 2927 925 2971 suo
949 2922 1034 2970 terra
1059 2918 1234 2969 commota
1271 2920 1329 2979 est,
1356 2922 1430 2967 cum
1454 2900 1544 2989 plebs

418 3008 591 3077 israelitica
614 3007 653 3074 de
677 3007 794 3073 ludaeae
818 3007 934 3075 finibus
958 3008 1066 3075 evulsa
1102 3007 1260 3072 nimirum
1285 3004 1367 3074 colla
1391 3008 1545 3094 gentibus

419 3112 572 3194 subdidit,
610 3114 684 3201 quia
706 3112 800 3181 subdi
836 3115 974 3181 Auctori
1012 3116 1182 3179 recusavit.
1206 3109 1435 3189 Qnaescilicet
1459 3130 1546 3180 terra

419 3215 586 3284 columnas
624 3215 745 3295 babuit,
769 3219 843 3304 quia
866 3220 899 3284 in
924 3217 1106 3285 sacerdotes
1137 3232 1170 3282 et
1194 3218 1365 3303 principes,
1389 3216 1469 3303 legis
1491 3216 1546 3282 do·

419 3339 526 3386 ctores
549 3340 644 3409 atque
662 3320 845 3408 pharisaeos,
862 3324 983 3389 ruitura
1007 3324 1075 3387 eius
1097 3321 1153 3409 (1)
1169 3322 1362 3408 pertinaciae
1386 3338 1546 3389 structura

418 3434 565 3499 surrexit.
589 3436 626 3501 ln
650 3436 728 3521 ipsis
752 3456 893 3522 namque
930 3433 1048 3503 litterae
1073 3432 1376 3524 edificiumitenuin
1401 3453 1433 3501 et
1458 3454 1545 3501 tran-

419 3548 584 3638 quillitatis
607 3571 674 3616 suae
698 3568 858 3638 tempore,
881 3549 1110 3618 sacrificiorum
1126 3548 1303 3616 carnalium
1317 3550 1408 3637 quasi
1438 3571 1545 3633 super·

419 3657 587 3743 impositae
627 3653 766 3723 fabricae
790 3677 889 3722 onera
920 3658 1072 3743 portavit.
1095 3653 1158 3721 Sed
1183 3653 1343 3721 translatis
1367 3653 1547 3733 montibus,

422 3766 590 3835 columnae
615 3788 788 3836 concussae
817 3785 902 3846 sunt,
927 3769 1001 3855 quia
1016 3766 1184 3832 subductis
1208 3764 1246 3833 ab
1271 3765 1386 3833 Iudaea
1409 3769 1547 3854 Aposto-

417 3882 466 3965 lis,
492 3905 551 3950 nec
587 3886 644 3972 ipsi
669 3886 778 3951 vivere
803 3886 836 3949 iu
860 3881 911 3949 illa
935 3883 1079 3968 permissi
1113 3900 1198 3961 sunt,
1223 3882 1277 3971 qni
1312 3880 1350 3949 ab
1374 3880 1426 3947 illa
1461 3882 1545 3949 vitae

395 4093 444 4197 ἰ)
480 4133 508 4183 ln
527 4129 649 4200 vulgatis,
665 4131 768 4200 fabrica
786 4144 833 4199 pro
850 4128 1009 4199 portitoriae,
1030 4145 1064 4200 qu
1072 4129 1108 4183 od
1127 4128 1223 4201 legitur
1239 4131 1268 4184 iu
1290 4128 1405 4184 Vindoc.
1425 4128 1527 4181 Turon.

432 4226 557 4281 Norman.
577 4240 627 4281 etc.
