3909 5400
862 297 1019 377 -883
1052 345 1097 355 -

420 455 488 520 brio
514 454 646 541 prosilit,
671 477 744 520 cum
771 454 808 521 de
835 459 1040 543 correptione
1065 476 1172 521 sermo
1197 453 1308 521 durior
1343 455 1481 523 excedit:
1506 475 1539 523 et

417 569 558 634 amicum
598 569 781 654 percutiens
820 569 950 647 occidit,
985 569 1058 655 quia
1093 566 1274 635 auditorem
1298 562 1391 634 suum
1418 568 1541 656 prolata

419 680 615 749 contumelia
637 680 675 748 ab
699 684 812 767 spiritu
838 682 1018 749 dilectionis
1043 680 1204 748 interficit.
1223 683 1375 768 Correpti
1399 705 1539 772 namque

419 818 511 861 mens
545 813 678 883 repente
701 796 740 862 ad
779 795 889 862 odium
915 797 1050 884 proruit,
1074 799 1100 863 si
1123 795 1206 863 hanc
1245 797 1457 864 immoderata
1483 800 1538 887 (1)

418 889 604 998 increpatio*
621 909 692 995 plus
715 931 812 997 quam
836 907 948 977 debuit
972 908 1100 977 addicit.
1132 912 1195 978 Sed
1220 912 1246 976 is
1271 912 1327 997 qui
1352 912 1480 977 incaute
1505 911 1541 977 li·

417 1046 480 1111 grta
505 1026 657 1109 percutit,
697 1039 729 1088 et
754 1024 939 1108 proximum
973 1024 1144 1110 extinguit,
1168 1021 1207 1089 ad
1232 1040 1297 1089 tres
1320 1045 1451 1090 necesse
1490 1043 1538 1091 est
1626 1098 1630 1109 ,
1723 1050 1727 1057 ·

418 1138 512 1204 urbes
536 1137 645 1224 lugiat,
682 1155 716 1202 ut
741 1139 771 1203 iu
798 1160 861 1204 una
889 1158 999 1204 earum
1036 1134 1182 1202 delensus
1229 1140 1329 1203 vivat:
1354 1141 1427 1225 quia
1450 1140 1475 1205 si
1501 1138 1540 1206 ad

416 1254 634 1341 poenitentiae
659 1248 798 1318 lamenta
822 1272 1008 1330 conversus,
1033 1251 1065 1318 in
1101 1252 1224 1317 unitate
1255 1253 1454 1320 Sacramenti
1480 1254 1538 1319 sub

419 1389 490 1453 spe,
514 1363 576 1431 lide
602 1384 635 1431 et
659 1366 789 1432 caritate
825 1363 1043 1445 absconditur,
1068 1386 1140 1430 teus
1163 1368 1339 1452 perpetrati
1373 1366 1539 1435 homicidii

416 1503 483 1547 non
508 1498 645 1546 tenetur:
681 1499 822 1566 eumque
848 1479 985 1545 extincti
1018 1480 1184 1564 proximus
1223 1495 1255 1543 et
1280 1497 1355 1543 cum
1378 1481 1540 1545 invenerit

418 1619 485 1666 non
510 1593 642 1677 occidit;
678 1595 752 1681 quia
787 1614 861 1658 cum
885 1592 1051 1659 districtus
1087 1591 1184 1658 iudex
1208 1593 1344 1672 venerit,
1391 1595 1445 1680 qui
1469 1617 1538 1660 sese

417 1710 510 1778 nobis
534 1731 590 1796 pet
614 1727 745 1775 naturae
769 1725 900 1773 nostrae
925 1707 1126 1772 consortium
1151 1705 1266 1784 iunxit,
1283 1704 1321 1772 ab
1346 1726 1388 1771 eo
1411 1709 1538 1793 procul-

418 1815 516 1883 dubio
540 1813 716 1881 vindictam
755 1813 794 1879 de
820 1811 931 1900 cnlpae
970 1830 1061 1878 reatu
1086 1815 1152 1879 non
1176 1813 1309 1896 expetit,
1348 1833 1443 1898 quem
1480 1814 1538 1880 sub

418 1932 485 1996 eius
510 1928 602 1993 venia
626 1947 708 2014 spes,
732 1925 812 1992 fides
834 1943 867 1992 et
892 1925 1006 1991 caritas
1029 1921 1207 1991 abscondit.
1244 1925 1348 1992 Citius
1372 1946 1451 2011 ergo
1475 1925 1540 1992 cul·

416 2065 457 2130 pa
480 2040 663 2119 dimittitur,
688 2060 767 2124 quae
792 2059 995 2126 nequaquam
1021 2038 1159 2105 malitiae
1183 2037 1291 2104 studio
1322 2057 1534 2126 perpetratur.

417 2154 512 2223 Unde
548 2170 580 2219 et
604 2151 726 2241 Soplrat
762 2151 910 2239 iniquum
942 2169 1049 2230 uocat,
1087 2172 1184 2240 quem
1208 2173 1345 2238 superna
1379 2156 1539 2221 sententia

416 2268 609 2336 laudaverat:
635 2287 696 2333 nec
720 2284 827 2333 tamen
853 2289 870 2332 a
895 2267 991 2332 venia
1025 2265 1213 2352 reprobatus
1236 2263 1429 2344 excluditur,
1466 2268 1539 2352 quia

416 2381 456 2450 ad
481 2381 577 2450 verba
602 2381 817 2448 contumeliae
853 2378 953 2446 divini
977 2380 1094 2446 amoris
1123 2377 1194 2443 zelo
1218 2379 1273 2464 (a)
1314 2395 1537 2463 promovetur.

416 2498 484 2575 Qui
508 2472 567 2582 pro
591 2518 630 2560 eo
655 2494 741 2582 quod
768 2493 851 2559 beati
874 2492 929 2557 lob
954 2495 1070 2558 metita
1094 2513 1159 2557 non
1185 2493 1341 2577 agnoscit,
1374 2512 1414 2556 ex
1438 2491 1537 2578 impe·

417 2613 477 2691 rita
492 2605 602 2678 'adhuc
626 2610 771 2675 irrisione
796 2604 973 2693 subiungit,
998 2605 1117 2672 dicens:

861 2843 1013 2911 CAPUT
1037 2841 1092 2910 IX.

501 3091 617 3194 Quod
657 3093 701 3171 in
746 3090 990 3198 quibusdam
1040 3092 1158 3174 donis
1187 3094 1285 3199 suis,
1333 3094 1452 3199 quasi
1480 3119 1533 3173 ex
1735 3141 1744 3172 2

420 3226 611 3332 vestigiis
639 3224 837 3307 bonilatis
867 3225 1144 3331 conspicimus
1173 3224 1320 3306 Deum.

415 3640 441 3709 r]
478 3637 547 3690 Editi
567 3637 646 3691 etiam
665 3639 831 3699 vetustiores,
850 3637 872 3689 si
890 3637 953 3690 hanc
971 3636 998 3686 in
1018 3632 1178 3686 immoderata
1211 3633 1375 3704 increpatione
1401 3631 1524 3684 ...ad-

431 3728 500 3780 dicit.
517 3727 569 3780 Sed
588 3727 717 3781 mendose
735 3740 761 3780 et
780 3738 872 3780 contra
890 3724 971 3778 fidem
989 3722 1062 3777 MSS.

413 3816 442 3885 2]
479 3814 573 3869 Melius
592 3813 659 3869 sorte
679 3815 768 3869 Germ.
789 3813 869 3867 Cotb.
890 3812 978 3866 Germ
999 3810 1103 3866 Gemet.
1124 3809 1173 3878 (elo
1193 3814 1360 3881 pernraeclur.
