3909 5400
858 640 1095 722 -413—

414 820 486 865 mus
509 849 519 878 ,
545 798 721 863 insinuant:
760 797 834 883 quia
873 794 1029 874 scilicet,
1067 794 1122 882 (1)
1162 812 1197 860 ut
1237 816 1351 863 miram
1388 795 1538 863 ostende-

414 927 449 971 re
473 903 612 982 valeant,
639 902 719 968 hanc
744 924 776 967 se
801 900 939 971 latenter
974 902 1155 988 percepisse
1196 900 1401 968 confirmant.
1439 901 1534 968 Unde

413 1008 498 1095 apud
522 1008 731 1076 Salomonem
756 1007 987 1072 haereticorum
1011 1009 1153 1091 speciem
1169 1004 1284 1071 mulier
1308 1023 1432 1086 tenens,
1450 1005 1537 1072 dicit:

417 1138 433 1174 e
458 1118 562 1200 nquae
586 1110 714 1177 furtivae
741 1109 900 1176 dulciores
922 1127 1009 1189 sunt,
1032 1128 1064 1175 et
1089 1113 1180 1196 panis
1218 1109 1538 1189 absconditussua·

373 1228 376 1233 ’
415 1227 497 1292 viot.
523 1251 539 1288 a
566 1225 622 1313 (2)
647 1222 741 1292 Unde
780 1225 832 1289 hic
856 1244 988 1312 quoque
1012 1221 1171 1289 subditur:
1199 1247 1216 1284 tt
1242 1224 1280 1290 Et
1305 1227 1395 1309 quasi
1419 1221 1539 1289 furtive

415 1341 557 1427 suscepit
579 1342 664 1406 auris
698 1361 768 1405 mea
793 1360 890 1405 venas
927 1337 1061 1403 susurrii
1094 1339 1203 1403 eius»
1235 1339 1368 1405 Furtive
1403 1339 1540 1403 susurrii

352 1536 355 1541 Ι
416 1478 513 1522 venas
536 1457 727 1543 percipiunt:
753 1457 825 1542 quia
848 1455 973 1522 socialis
996 1456 1141 1520 scientiae
1166 1456 1303 1540 gratiam
1343 1454 1540 1533 deserentes,

416 1560 455 1629 ad
478 1559 558 1627 hanc
583 1580 787 1647 nequaquam
812 1581 867 1646 per
891 1561 1011 1624 ostium
1047 1558 1286 1645 ingrediuntur,
1302 1559 1446 1625 Domino
1460 1577 1542 1625 atte-

415 1684 530 1745 stante,
554 1668 608 1753 qui
632 1667 684 1732 ait:
701 1690 717 1726 «
743 1666 810 1745 Qui
834 1688 899 1731 non
925 1667 1022 1731 intrat
1046 1687 1102 1751 pet
1118 1667 1241 1730 ostium
1266 1668 1297 1729 in
1314 1664 1401 1730 ovile
1414 1666 1539 1742 ovium,

414 1770 470 1836 sed
493 1768 640 1837 ascendit
663 1768 800 1850 aliunde,
825 1768 875 1834 ille
901 1768 949 1834 lut
974 1787 1033 1846 est,
1056 1786 1090 1834 et
1112 1767 1205 1834 latro.
1231 1793 1247 1831 u
1286 1768 1341 1856 (3)
1367 1769 1473 1834 Venas
1513 1770 1540 1834 i-

414 1894 512 1964 taque
535 1875 636 1941 divini
659 1877 791 1940 susurrii
815 1872 936 1942 furtive
960 1874 1104 1959 suscipit,
1129 1875 1184 1960 qui
1223 1871 1261 1938 ad
1302 1871 1542 1958 percipiendam

414 1990 544 2056 virtutis
567 1990 635 2054 eius
659 1990 807 2054 notitiam
831 1987 962 2055 deserto
987 1987 1133 2075 publicae
1174 1987 1419 2075 praedicationis
1442 1991 1542 2068 ostio,
1573 2002 1578 2015 '

417 2115 533 2180 pravae
556 2091 780 2179 intelligentiae
804 2095 900 2159 rimas
925 2095 1060 2181 quaerit.
1086 2093 1173 2172 Quia
1198 2114 1277 2158 vero
1301 2090 1351 2160 fur
1386 2112 1419 2158 et
1443 2093 1542 2172 latro,

415 2202 471 2286 qui
496 2200 591 2265 intrat
615 2188 753 2277 aliunde,
777 2214 809 2262 et
834 2197 982 2263 tenebras
1006 2196 1120 2284 diligit,
1143 2216 1176 2263 et
1202 2195 1387 2264 claritatem
1403 2196 1535 2264 luminis

415 2311 646 2399 perhorrescit,
672 2330 759 2377 recte
784 2308 998 2398 subiungitur:

831 2569 984 2639 CAPUT
1010 2570 1138 2637 XXIV.

502 2815 561 2900 Ut
589 2817 673 2900 alta
701 2845 790 2900 esse
819 2818 1040 2901 ostendant
1068 2847 1171 2928 quae
1215 2790 1376 2927 docent,
1413 2848 1461 2903 ea
1490 2849 1534 2904 se

425 2941 500 3023 vix
531 2969 673 3048 capere
703 2941 927 3025 declarant.

505 3170 560 3253 Ia
590 3170 752 3254 horrore
779 3169 944 3252 ta'st'ouis
971 3176 1201 3276 nocturnae,
1249 3166 1409 3278 quondo
1442 3168 1541 3251 solet

425 3319 544 3403 sopor
572 3321 760 3399 occupatu
790 3292 974 3375 totalitas,

446 3663 460 3726 5
466 3559 619 3727 jSaepe
644 3640 794 3708 haeretici
821 3640 897 3707 dum
923 3640 1036 3708 altiora
1060 3637 1167 3705 dicere
1193 3655 1363 3718 conantur,
1402 3638 1461 3725 ipsi
1484 3637 1544 3705 sibi

436 4042 464 4086 ut
482 4039 549 4090 mira
568 4038 660 4091 ostend.

421 4127 452 4189 2)
488 4126 565 4180 Ptov.
585 4141 609 4192 9.
634 4141 673 4192 17.

422 4218 449 4280 3)
469 4215 559 4269 [ohan.
582 4232 622 4270 10.
646 4233 667 4269 t.
