3909 5400
739 708 967 787 -767-

299 870 408 933 iuncta
434 886 577 933 testatur.
603 872 687 936 Cum
714 890 792 933 vero
831 890 969 955 superna
997 866 1173 954 indignatio
1198 888 1278 945 sese,
1317 884 1352 931 ut
1377 870 1421 933 ita

299 980 446 1061 dixerim,
472 982 657 1048 medullitus
680 1002 802 1061 movet,
828 981 908 1049 lianc
934 983 989 1068 (t)
1014 983 1175 1068 oppositio
1190 979 1328 1046 humana
1354 1003 1420 1046 non

300 1098 420 1160 retinet
446 1148 453 1172 ‚
478 1118 537 1161 nec
562 1121 594 1161 se
632 1096 750 1162 utiliter
777 1094 949 1161 cuiuslibet
974 1094 1157 1181 deprecatio
1197 1095 1320 1173 obiicit,
1345 1116 1419 1160 curn

299 1207 399 1273 semel
424 1208 511 1273 Deus
536 1209 653 1296 aliquid
677 1208 716 1276 ab
740 1213 862 1277 intimis
890 1208 1058 1276 irascendo
1082 1209 1234 1295 disponit.
1259 1210 1344 1274 llinc
1368 1228 1417 1275 est

300 1327 387 1388 eninr
414 1322 499 1409 quod
524 1324 665 1410 Moyses,
706 1327 759 1412 qui
784 1345 908 1390 reatum
938 1326 1038 1389 totius
1062 1322 1164 1409 plebis
1189 1322 1272 1408 apud
1312 1330 1417 1388 Deum

300 1428 364 1490 suis
385 1424 556 1511 praecibus
596 1431 696 1506 tersit,
725 1427 866 1515 duraque
889 1450 922 1493 se
962 1426 1090 1492 obicem
1120 1425 1250 1504 obtulit,
1290 1424 1417 1491 divinae

297 1534 479 1606 iracundiae
505 1542 570 1606 vim
597 1540 742 1629 placavit·
772 1542 810 1609 ad
835 1562 958 1628 petram
997 1540 1106 1606 Horeb
1133 1542 1275 1618 veniens,
1301 1560 1333 1605 et
1359 1562 1418 1626 pro

298 1676 397 1739 aquae
422 1652 621 1720 exlnblrione
648 1656 805 1736 diffidens,
845 1658 1101 1743 repromissionis
1125 1675 1244 1721 terram
1282 1653 1417 1741 ingredi,

300 1771 443 1836 Dontino
467 1773 624 1837 irascente
649 1794 713 1837 noir
740 1773 856 1858 potuit.
880 1771 935 1857 (2)

364 1905 415 1971 27.
440 1886 479 1951 Et
502 1908 586 1970 saepe
612 1883 669 1950 hac
695 1886 733 1949 de.
759 1908 791 1951 re
815 1882 977 1971 affligitur,
1002 1906 1085 1969 stepe
1100 1881 1260 1948 desiderio
1285 1904 1319 1946 se
1335 1882 1419 1947 exci-

298 2018 385 2065 tante
410 1998 557 2065 turbatur
582 2052 590 2079 ‚
625 2020 657 2066 et
682 2000 843 2087 dispositae
882 1999 1014 2064 ultionis
1039 1995 1234 2063 iracundiam
1260 1995 1414 2081 repellere

297 2116 510 2199 asemeripso
534 2136 599 2177 non
635 2112 745 2191 valuit,
781 2114 835 2199 qui
860 2113 952 2191 lianc,
993 2110 1122 2178 volente
1159 2110 1312 2188 Domino,
1342 2127 1416 2174 eta

298 2224 418 2311 populo
442 2228 574 2291 aniotit.
600 2228 685 2293 Hinc
711 2226 823 2307 David,
847 2226 902 2312 (ς)
926 2227 981 2312 qui
1021 2242 1177 2310 prostrata
1201 2221 1292 2308 plebe
1328 2239 1415 2310 post-

296 2330 430 2395 modum
455 2331 557 2419 angeli
582 2331 722 2419 gladium
747 2354 841 2419 prece
879 2334 1090 2417 compescuit,
1122 2331 1208 2416 prius
1232 2329 1360 2416 plorans
1383 2346 1416 2394 et

296 2444 427 2524 eiulans,
452 2444 545 2510 nudis
585 2445 719 2532 pedibus
743 2444 843 2510 filium
876 2445 966 2531 fugit:
992 2463 1026 2509 et
1050 2466 1216 2532 quousque
1241 2443 1416 2530 perpetrati

295 2553 443 2623 facinoris
468 2557 624 2623 ultionem
649 2558 686 2624 ad
714 2559 843 2643 plenum
883 2561 1050 2644 reciperet,
1087 2561 1165 2623 irurn
1203 2557 1262 2620 Dei
1288 2577 1346 2640 pro
1371 2578 1416 2619 se·

296 2664 434 2747 metipso
471 2679 649 2750 temperate
685 2685 888 2753 nequaquam
913 2663 1022 2730 valuit.
1047 2662 1131 2727 Hinc
1156 2660 1247 2741 Elias,
1273 2679 1306 2725 ut
1330 2663 1413 2724 sicut

240 2807 243 2813 ·
295 2775 394 2843 homo
419 2800 529 2875 parum
554 2777 672 2864 aliquid
697 2781 789 2866 quasi
813 2777 852 2842 de
878 2777 985 2841 duint
1010 2775 1296 2841 animadversione
1315 2775 1412 2838 seuti-

294 2908 352 2970 ret;
377 2893 432 2977 qui
456 2891 555 2956 verbo
586 2891 683 2956 caelos
707 2895 840 2979 aperuit,
866 2911 938 2957 anre
977 2891 1233 2978 indignationem
1270 2888 1413 2955 mulieris

294 3007 422 3068 territus
447 3027 503 3090 per
527 3006 689 3071 desertum
713 3006 807 3092 fugit:
831 3026 862 3070 et
888 3029 946 3092 pro
969 3007 1143 3089 semetipso
1176 3002 1355 3069 infirmatur
1380 3009 1413 3071 in

294 3117 349 3204 (4)
374 3116 560 3198 formidine,
583 3123 637 3206 qui
673 3117 814 3185 furorem
841 3121 901 3185 Dei
936 3119 1039 3206 placat
1068 3117 1137 3185 aliis
1168 3141 1224 3204 per
1249 3121 1412 3183 interven·

294 3233 426 3297 tionem.
451 3234 508 3296 lrae
534 3234 593 3299 Dei
618 3236 714 3320 igitur
739 3251 770 3299 et
794 3237 896 3301 resisti
922 3234 1027 3312 valet,
1064 3233 1192 3320 quando
1218 3235 1283 3319 ipse
1309 3219 1363 3317 qui
1388 3234 1411 3296 i·

292 3341 435 3414 rescitur,
462 3338 647 3422 opitulatur;
687 3359 718 3405 et
757 3344 857 3405 resisti
899 3342 1034 3406 omnino
1060 3363 1125 3404 non
1162 3337 1257 3417 valet,
1282 3338 1411 3425 quando

293 3473 326 3515 se
352 3470 383 3515 et
407 3451 445 3516 ad
471 3451 691 3518 ulciscendum
716 3457 843 3533 excitat,
867 3475 898 3519 et
924 3457 988 3540 ipse
1015 3476 1141 3540 precem
1169 3477 1240 3541 quae
1276 3456 1303 3518 ei
1340 3451 1413 3517 lun-

293 3565 388 3642 ditur,
414 3587 480 3630 non
505 3570 631 3651 aspirat.
656 3569 737 3633 llinc
763 3569 801 3634 ad
828 3570 1022 3636 Hieremiam
1054 3569 1178 3633 dicitur:
1207 3595 1221 3629 t
1255 3565 1308 3632 Tu
1333 3588 1410 3653 ergo

293 3679 359 3743 noli
383 3703 474 3746 orare
497 3704 558 3767 pro
583 3682 703 3767 populo
728 3685 800 3763 lroc,
825 3701 856 3749 et
880 3707 919 3748 ne
959 3706 1100 3748 assumas
1124 3706 1181 3768 pro
1211 3684 1255 3747 eis
1274 3679 1411 3770 :laudern

269 4075 297 4142 ς)
315 4075 380 4127 Edit.
399 4076 513 4132 Buthol.
533 4092 559 4132 et
577 4079 607 4132 al.
627 4096 679 4135 vet.
698 4085 757 4152 quia
773 4089 848 4153 prosi.
861 4088 917 4135 rata
931 4083 981 4137 ml·
1030 4085 1089 4138 Vn.
1104 4085 1233 4141 Gussanv.
1265 4086 1309 4155 qui
1321 4092 1396 4156 prust

301 4179 357 4224 rati
376 4175 483 4228 Rectius
504 4176 567 4229 Coc.
587 4195 646 4231 curn
666 4179 737 4233 tiss.
758 4181 802 4251 prtt'
819 4195 834 4232 a
853 4188 974 4250 prostrat:

268 4277 299 4334 4)
319 4270 417 4325 Betsar.
435 4274 595 4343 fortitudine.
