3909 5400
885 692 1118 773 -783-

437 852 571 933 iustus
599 849 782 958 effugiat,
813 858 854 934 el
881 853 992 959 quod
1011 840 1269 961 quantalibet
1295 857 1432 938 iustus
1448 858 1551 941 sim·

436 982 620 1087 plicitate
649 982 785 1090 fuerit,
814 983 904 1091 ipsa
931 984 1097 1066 divinae
1125 986 1428 1092 magnitudinis
1456 988 1553 1071 sim·

436 1112 622 1218 plicitate
651 1122 879 1220 superetur.

525 1378 659 1462 Unnrn
687 1379 878 1489 estquod
924 1381 1078 1462 loculus
1105 1407 1204 1487 snm,
1233 1387 1269 1463 el
1296 1381 1540 1465 innocentem
1600 1368 1603 1373 ¹

437 1514 474 1589 cl
503 1509 671 1615 impium
700 1512 782 1616 ipse
809 1511 1017 1593 consumit.

452 1779 746 1919 47⁴}lnnoceusa
778 1850 924 1899 creatore
950 1834 1165 1913 consumitur3
1190 1833 1264 1920 quia
1303 1832 1501 1921 quantalibet
1524 1857 1555 1902 e·

430 1939 478 2003 ius
501 1937 689 2025 simplicitas
711 1937 819 2018 luerit,
855 1937 984 2005 divinae
1009 1937 1238 2025 magnitudinis
1268 1939 1324 2026 (1)
1347 1938 1553 2026 simplicitate

429 2049 612 2117 devoratur.
637 2050 796 2127 Quamvis
819 2053 906 2117 enirn
942 2051 1181 2139 simplicitatem
1206 2050 1350 2118 studiose
1374 2075 1553 2132 servemus,

428 2176 468 2221 ex
498 2156 751 2222 consideratione
774 2173 884 2222 tamen
908 2158 1039 2223 intimae
1064 2157 1210 2242 puritatis
1248 2156 1441 2237 ostenditur,
1465 2157 1554 2244 quod
1613 2188 1618 2201 ·

429 2270 507 2336 haec
532 2272 599 2356 ipsa
624 2291 719 2357 quam
744 2271 879 2356 agimus,
902 2269 1087 2356 simplicitas
1111 2290 1178 2363 non
1207 2269 1259 2333 sit.
1283 2268 1404 2356 Impius
1421 2289 1553 2357 quoqne

429 2407 445 2450 a
472 2384 639 2450 conditore
667 2386 880 2464 consumitur,
905 2385 978 2471 quia
1004 2384 1075 2449 Deo
1114 2400 1232 2449 cuncta
1255 2381 1443 2449 mirabiliter
1467 2382 1554 2449 ordi·

428 2507 536 2570 nante,
561 2492 619 2576 ipsi
642 2491 706 2556 suis
729 2488 784 2577 (2)
809 2492 958 2556 versutiis
982 2491 1051 2555 eius
1075 2490 1223 2575 impietas
1247 2487 1376 2576 ligatur.
1398 2487 1482 2554 Nam
1506 2490 1554 2555 in·

316 2640 319 2645 ·
426 2602 464 2667 de
488 2625 520 2669 se
544 2603 712 2690 suppliciis
735 2622 768 2669 et
796 2607 942 2669 nesciens
965 2601 1122 2689 implicat,
1146 2602 1232 2669 unde
1256 2625 1288 2669 se
1328 2600 1449 2689 aliquid
1474 2601 1554 2668 lace·

425 2740 460 2783 re
483 2718 622 2783 scienter
647 2715 780 2784 exultat.
804 2719 893 2795 Quia
918 2719 1015 2803 igitur
1040 2719 1248 2802 omnipotens
1273 2718 1361 2781 Deus
1385 2734 1417 2781 et
1450 2714 1553 2782 bono·

426 2853 499 2896 turn
523 2832 745 2897 innocentiam
769 2830 825 2918 (3)
840 2828 1045 2916 simplicitate
1069 2846 1207 2916 superat,
1234 2828 1442 2895 etmalorum
1467 2848 1551 2894 astu·

427 2948 504 3011 tiam
547 2963 719 3031 penetrans
743 2943 886 3023 damnor,
910 2960 998 3009 recte
1024 2963 1110 3007 nunc
1151 2941 1322 3007 ditinum«
1365 2942 1475 3007 Unum
1499 2959 1546 3007 est

425 3058 512 3146 quod
545 3059 673 3124 locutus
697 3080 778 3123 sum:
803 3075 836 3123 et
862 3058 1070 3123 innocentem
1095 3073 1127 3121 et
1166 3056 1303 3141 impium
1329 3056 1394 3141 ipse
1433 3078 1549 3121 consu-

424 3174 495 3237 mit.
521 3198 537 3232 n
563 3177 611 3238 Ac
635 3173 659 3237 si
684 3189 793 3257 aperte
819 3169 991 3237 diceretur:
1016 3170 1087 3235 Hoc
1112 3167 1196 3256 apud
1220 3190 1272 3235 rue
1299 3167 1434 3236 verbum
1460 3172 1548 3255 cogi-

423 3285 553 3351 tationis
586 3281 729 3371 protulit,
756 3286 830 3372 quia
869 3305 929 3349 nec
951 3285 1132 3361 innocens„
1147 3284 1171 3348 si
1195 3281 1342 3348 districte
1383 3282 1549 3364 discutior,

424 3400 581 3464 innocens
605 3400 777 3485 appareb03
802 3420 863 3465 nec
888 3398 1016 3485 impius,
1042 3399 1068 3462 si
1092 3379 1176 3483 apud
1201 3419 1252 3462 me
1278 3396 1377 3463 latere
1403 3394 1551 3476 voluero,

420 3514 587 3599 asupetni
612 3513 769 3579 examinis
793 3512 942 3579 acumine
968 3512 1023 3600 (4)
1046 3509 1238 3578 abscondor:
1264 3512 1419 3599 quoniam
1442 3508 1551 3600 distri·

417 3781 445 3846 1)
481 3782 510 3832 ln
528 3793 579 3833 vet.
599 3778 660 3833 edit.
680 3779 838 3851 simplicitate
856 3784 995 3850 superatur.

414 3878 443 3943 2)
481 3876 590 3930 Vindoc.
609 3875 689 3930 Corb.
707 3875 796 3930 Germ.
815 3886 840 3928 et
860 3873 936 3929 Colb.
955 3890 969 3927 a
990 3889 1012 3930 1.
1032 3890 1120 3937 manu,
1139 3872 1198 3944 ipsis
1216 3873 1266 3926 suis
1285 3871 1428 3927 uirtutibus.
1448 3869 1553 3929 litostr-

431 3972 581 4025 virlraliltus.

417 4068 442 4136 3]
480 4069 517 4120 Ita
536 4066 667 4122 Bellonae,
688 4080 712 4122 et
734 4084 827 4122 omnes
847 4065 900 4123 fere
930 4067 1004 4123 MSS.
1025 4066 1119 4122 nostri.
1152 4068 1186 4121 At
1205 4067 1278 4130 editi,
1308 4066 1537 4137 simplicitatemque

433 4170 539 4233 superui.
1319 4177 1321 4182 '

416 4261 446 4324 a)
483 4259 582 4313 Bessar.
604 4276 661 4312 nori.
