3909 5400
435 847 527 915 valde
550 848 748 941 §temporum
770 850 971 929 incrementa
996 873 1092 938 quam
1116 850 1202 918 nulla
1225 854 1299 932 sint,
1325 857 1384 921 nisi
1408 877 1483 925 cum
1508 882 1558 925 re·

435 972 535 1040 pente
563 970 720 1021 transacta
748 955 803 1043 (1)
826 953 909 1021 fiunt
934 1007 942 1035 ,
968 978 1050 1044 quae
1078 938 1241 1026 venientia
1265 956 1363 1046 longa
1401 959 1555 1029 videban-

433 1076 496 1124 tur.

503 1165 551 1251 58.
576 1164 634 1230 Vir
659 1165 755 1251 igitur
776 1181 907 1232 sanctus
931 1181 1050 1234 statum
1074 1188 1148 1234 suae
1188 1167 1384 1235 conditionis
1410 1172 1553 1257 aspiciat,

432 1296 465 1345 et
489 1302 529 1344 er
552 1277 684 1345 humani
707 1281 833 1369 generis
856 1300 939 1348 voce
963 1279 1080 1373 damna
1103 1279 1258 1347 decursus
1283 1284 1483 1369 ingemiscat,
1507 1284 1554 1352 di0

434 1414 518 1459 cens:
543 1393 625 1459 ‘Dios
650 1395 709 1459 tuci
733 1393 896 1460 velociores
916 1394 1049 1486 facerunt
1082 1417 1215 1462 cursore:
1249 1396 1416 1483 sugerunt,
1442 1410 1469 1464 et
1493 1421 1553 1465 nou

369 1576 370 1580 Ἰ
430 1498 576 1565 viderunt
611 1497 733 1563 bortum.
759 1500 807 1565 Ac
831 1499 858 1564 si
891 1517 1004 1587 aperte
1039 1499 1134 1567 dicat:
1160 1498 1209 1567 nd
1234 1500 1296 1566 hoc
1320 1500 1420 1567 homo
1446 1503 1554 1570 tondi-

429 1631 482 1679 tus
505 1611 575 1692 suit,
614 1631 649 1676 ut
673 1611 807 1693 bonum,
833 1613 919 1700 quod
955 1614 1044 1681 Deus
1068 1632 1125 1694 est,
1151 1613 1260 1680 videre
1286 1617 1453 1701 potuisset:
1494 1618 1550 1684 sed

430 1729 486 1814 qui
508 1743 590 1793 stare
614 1725 652 1792 ad
677 1725 782 1791 lucem
807 1723 923 1804 noluit,
940 1724 1095 1813 fugiendo
1118 1725 1230 1792 oculos
1254 1729 1370 1793 amisit:
1386 1731 1460 1815 quia
1485 1753 1550 1818 quo

430 1863 486 1926 per
510 1839 636 1927 culpam
667 1842 775 1926 coepit
809 1839 846 1907 ad
871 1841 935 1906 ima
982 1840 1164 1920 decurrere,
1203 1840 1258 1929 (2)
1281 1864 1322 1907 eo
1361 1846 1551 1910 caecitatem

428 1953 571 2040 pertulit,
595 1977 634 2020 ue
659 1956 810 2020 intimam
834 1952 945 2018 lumen
970 1953 1105 2020 videret.
1130 1955 1179 2019 De
1214 1951 1330 2042 quibus
1353 1952 1457 2020 adhuc
1478 1956 1550 2024 die-

428 2060 488 2127 bus
511 2080 584 2147 apte
609 2060 824 2147 subiungitur:
848 2059 1109 2125 ‘Portroersiorunt
1132 2062 1224 2148 prcosr'
1248 2079 1342 2126 navos
1362 2071 1456 2147 pomo
1476 2073 1549 2149 por·
1660 2130 1665 2141 ,

428 2178 537 2233 tontes.
561 2166 669 2232 Naves
693 2187 767 2229 cum
806 2186 902 2251 poma
926 2180 1068 2250 portant,
1105 2162 1230 2231 fructus
1253 2182 1357 2232 tetrae
1399 2165 1549 2234 videlicet

427 2295 483 2359 per
507 2271 624 2337 fluctus
657 2269 775 2337 feruot'.
811 2269 915 2337 Terra
938 2292 1017 2336 vero
1052 2270 1193 2336 hominia
1233 2269 1396 2356 paradisus
1428 2274 1547 2353 extitit,

426 2410 508 2476 quae
532 2386 617 2453 liutto
653 2387 881 2453 inconcussum
906 2402 1016 2451 tenere
1052 2386 1169 2470 potuit,
1193 2387 1217 2451 oi
1242 2406 1299 2473 per
1323 2386 1547 2451 innocentiam

425 2520 508 2570 stare
534 2501 697 2568 voluisset.
722 2499 785 2568 Sed
809 2503 882 2588 quia
906 2499 944 2568 ad
969 2497 1190 2575 mutabilitatis
1215 2498 1314 2565 undas
1338 2519 1394 2586 per
1419 2498 1546 2585 culpam

426 2616 552 2697 cecidit,
577 2615 614 2683 ad
640 2616 813 2703 praesentis
838 2615 921 2681 vitae
945 2613 1044 2679 maria
1068 2631 1140 2699 post
1177 2629 1294 2679 terram
1320 2612 1420 2678 rteuit.
1445 2612 1546 2678 Poma
1639 2656 1645 2665 -

425 2731 522 2797 etiam
546 2747 648 2795 terrae
673 2727 769 2794 liuius
789 2725 920 2794 luerunt
946 2726 1089 2793 mandati
1112 2747 1230 2805 sermo,
1257 2745 1406 2792 concessa
1445 2729 1546 2810 possi·

425 2841 529 2910 bilitas
567 2843 686 2929 operis,
710 2858 841 2910 naturae
876 2840 976 2908 indita
1010 2840 1221 2927 intelligentia
1257 2839 1445 2908 conditoris.
1480 2840 1554 2908 Sed·

423 2948 503 3014 haec
525 2969 622 3034 poma
646 2967 717 3032 quae
741 2944 835 3013 eslere
859 2946 891 3012 io
915 2964 1000 3012 terra
1023 2947 1197 3021 renuimus,
1222 2965 1279 3032 pet
1302 2947 1401 3011 maria
1436 2961 1544 3031 porta-

422 3085 504 3131 mus:
530 3063 602 3150 quia
628 3082 777 3126 concessa
801 3058 885 3126 bona
909 3075 959 3124 tot
984 3079 1155 3124 munerum
1196 3058 1377 3123 inconcussi
1403 3056 1544 3123 custodi·

421 3190 455 3233 re
480 3169 512 3232 in
537 3165 682 3254 paradiso
707 3164 878 3244 noluimus,
918 3182 950 3228 et
974 3184 1102 3229 servare
1126 3183 1213 3228 nuuc
1236 3162 1269 3228 in
1308 3159 1542 3227 tentationibus
1617 3149 1620 3153 ⁴

422 3291 590 3336 conamur.
614 3267 804 3334 Tendentes
828 3267 866 3333 ad
906 3270 1094 3345 terminum,
1129 3288 1203 3332 aura
1244 3266 1327 3330 uitae
1367 3266 1542 3350 praesentis
1591 3264 1594 3270 ’

420 3375 626 3462 impellimur,
651 3369 870 3438 mutabilitatis
893 3389 1023 3437 nostrae
1048 3369 1148 3436 fluctu
1173 3369 1353 3458 fatigamur.
1378 3368 1441 3435 Sed
1466 3372 1541 3454 quia

420 3513 476 3576 per
501 3491 604 3554 crucis
628 3488 817 3573 mysterium
857 3485 895 3553 ad
934 3485 1076 3573 ingenita
1101 3503 1232 3551 naturae
1258 3481 1342 3549 bona
1378 3484 1541 3567 restringi-

419 3615 502 3670 mur,
528 3594 616 3679 quasi
639 3613 694 3678 per
719 3589 843 3678 liguum
861 3612 956 3677 poma
982 3607 1158 3675 portamus.
1183 3587 1282 3666 Quod
1306 3606 1417 3653 tamon
1446 3585 1540 3652 intel·

418 3708 473 3795 ligi
498 3724 528 3773 ct
552 3706 643 3775 aliter
666 3723 782 3793 potest.
806 3707 912 3773 Naves
936 3706 1056 3770 etenim
1082 3725 1156 3770 cunt
1181 3724 1278 3789 poma
1303 3718 1445 3788 portant,
1468 3721 1540 3764 soa-

413 3918 725 3931 ·-u-n-mnm—-n-—w
737 3918 776 3927 ιιι..

414 3975 441 4012 r·
479 3961 515 4012 lta
535 3960 635 4011 Tenon.
654 3957 766 4009 vindoc.
787 3956 917 4009 Bellovac.
938 3956 1018 4009 Corb.
1039 3955 1128 4009 Geren.
1148 3967 1173 4008 et
1192 3970 1285 4007 onmes
1314 3951 1405 4007 Norm.
1426 3952 1468 4005 ubi
1488 3950 1516 4004 iu

430 4055 513 4116 alius,
543 4061 665 4107 trorrsucla
681 4055 816 4124 finiortlur.

413 4168 441 4204 a·
479 4152 585 4205 Gemet.
607 4165 631 4204 et
651 4150 750 4203 Turon.
770 4167 797 4202 eo
815 4165 838 4202 tr
859 4150 965 4203 racilole
986 4148 1100 4220 perculit.
