3909 5400
867 655 1101 736 -779-

420 810 617 899 quandoque
643 810 753 877 iudicii
778 812 867 899 quasi
892 832 967 877 cum
992 809 1105 878 dolore
1135 809 1325 877 manifestat.
1349 811 1412 878 Sed
1441 815 1543 900 requi·

417 924 557 990 rendum
581 923 674 990 nobis
697 941 754 1005 est,
791 926 850 991 iste
875 926 924 991 vir
960 927 1074 1004 iustus,
1114 926 1139 991 si
1163 947 1286 1012 proco
1316 928 1541 993 testimonium

417 1028 525 1096 dicere
549 1030 718 1116 quisquam
743 1047 966 1117 praesumeret,
992 1027 1150 1118 numquid
1186 1028 1272 1096 hunc
1296 1053 1313 1096 a
1348 1047 1439 1097 reatu
1463 1029 1543 1096 libe·

417 1133 519 1200 raret?
544 1133 583 1199 Et
608 1135 633 1198 si
673 1133 747 1200 huic
772 1134 850 1201 alius
885 1135 1110 1201 testimonium
1149 1156 1215 1200 non
1240 1133 1410 1222 impendit,
1447 1156 1542 1201 num-

418 1245 495 1333 quid
520 1245 558 1313 ad
583 1246 813 1333 proferendum
838 1270 953 1336 prose
979 1250 1207 1315 testimonium
1231 1246 1345 1315 saltem
1369 1250 1436 1335 ipse
1467 1270 1541 1316 con·

417 1360 563 1427 valescit?
588 1363 751 1449 Sequitur:

788 1474 940 1543 CAPUT
978 1475 1100 1542 XXIV.

501 1711 634 1796 Nemo
665 1740 707 1795 so
736 1715 1005 1797 innocentem
1036 1723 1146 1798 certo
1176 1717 1255 1797 soit

498 1978 546 2062 Si
570 1979 791 2087 iustificare
818 1979 1063 2084 meminero,
1091 2005 1133 2061 os
1158 2004 1284 2061 meum
1311 1976 1540 2060 condemno·

424 2113 488 2195 bit
513 2141 586 2195 me:
611 2114 649 2195 oi
676 2114 919 2196 innocentem
935 2110 1149 2215 ostendero,
1174 2136 1419 2216 pronomina
1438 2134 1538 2190 com·

420 2233 621 2341 probabit.

437 2496 569 2673 43&ss
592 2585 617 2650 si
642 2600 752 2670 aperte
778 2583 874 2651 dicat:
899 2583 986 2662 Quid
1013 2582 1051 2650 de
1077 2583 1145 2651 aliie
1174 2581 1297 2669 loquat,
1331 2579 1384 2665 qui
1408 2581 1476 2664 ipse
1502 2576 1541 2641 de

416 2720 468 2763 me
493 2698 721 2764 testimonium
745 2694 830 2764 ferre
855 2719 921 2764 non
945 2695 1053 2764 valeo?
1076 2693 1139 2763 Sed
1164 2692 1218 2781 (1)
1243 2692 1316 2779 quia
1335 2690 1540 2756 innocentiae

416 2828 490 2876 tuae
515 2809 681 2877 testificari
706 2833 773 2877 non
797 2808 927 2889 sufficie,
951 2807 1111 2897 numquid
1134 2806 1195 2873 hoc
1221 2807 1336 2892 ipsum,
1362 2803 1541 2888 quiainuo·

417 2923 555 2989 centiam
581 2921 706 3003 habeas,
730 2921 806 2989 acis?
830 2920 955 2990 Subdit:

846 3165 997 3236 CAPUT
1020 3164 1126 3233 XXV.

502 3413 663 3516 Quanta
692 3413 746 3494 sit
774 3413 936 3495 homini
965 3412 1009 3493 in
1038 3413 1102 3493 sui
1136 3411 1386 3518 cogitatione
1428 3409 1535 3492 diffi-

421 3544 564 3650 cultas,
594 3554 636 3625 61
665 3543 773 3650 quod
801 3553 1037 3652 reoia‚quae
1065 3543 1240 3649 agimus,
1270 3540 1438 3622 sciendo
1458 3568 1530 3621 116·

421 3668 526 3749 sciro
555 3666 792 3749 debeamus.

396 3906 445 3917 -w
447 3903 789 3916 nnnnnnnnnnnnnnnnnnnnnnnnnnn

413 3944 440 4003 ι)
476 3941 504 3991 111
524 3937 590 3990 Cod.
610 3939 718 3990 Bessan.
736 3936 835 3990 delevit
854 3935 955 4005 aliquid
974 3935 1062 3990 aliena
1081 3951 1175 3989 manus
1194 3947 1222 3988 ut
1241 3935 1362 3988 scriberet
1385 3933 1481 4003 partim
1501 3933 1527 3985 in

430 4047 509 4092 textu,
530 4046 554 4086 ct
574 4034 668 4103 partim
687 4034 713 4085 in
732 4033 857 4102 margine.
876 4032 922 4085 Sed
941 4033 999 4087 iiie!
1018 4033 1113 4087 beatam
1132 4032 1175 4089 Iob
1203 4031 1359 4103 percetnciori
1378 4030 1440 4081 inrcr
1461 4030 1526 4090 huic,

431 4133 498 4201 cique
516 4131 601 4183 dicere:
623 4130 647 4184 Ο
666 4130 746 4181 beatae
764 4131 805 4181 vir
823 4130 890 4199 quia.
