3909 5400
971 712 1020 724 -
1040 648 1126 747 'stt
1154 709 1204 726 .-

517 821 674 911 adinngit,
700 822 819 891 dicens:
845 821 934 890 Sicut
956 822 1137 890 abortivum
1177 820 1390 887 absconditum
1409 839 1476 915 pon
1502 819 1644 886 subsiste·

518 960 595 1018 rein,
618 938 666 1004 vel
690 938 746 1027 qai
768 939 904 1026 concepti
928 958 990 1003 non
1017 937 1167 1003 viderunt
1190 935 1299 1002 lucent.
1327 960 1342 996 c
1375 933 1540 1022 (1)th
1565 953 1645 998 vero

519 1049 587 1115 haec
612 1053 757 1137 superins
779 1049 841 1118 late
867 1048 1067 1138 digessimus,
1092 1073 1151 1137 pro
1175 1049 1318 1151 citando⁸
1347 1050 1476 1117 lectoris
1500 1045 1643 1127 fastidio,

518 1164 666 1250 exposita
691 1161 847 1250 replicare
872 1160 1082 1230 declinamus.
1105 1163 1268 1251 Sequitur:
1387 1172 1393 1185 “
1451 1154 1453 1159 ’

838 1529 841 1535 ,
914 1470 1092 1561 ,creor
1136 1471 1221 1538 txt.

601 1704 731 1809 Quod·
750 1733 843 1787 oum
871 1715 1085 1813 peccatum
1114 1707 1299 1788 animum
1327 1706 1477 1813 pulsat,
1499 1708 1535 1788 si
1549 1705 1641 1791 bre·

528 1836 638 1919 siias
664 1835 952 1920 delectationis
969 1838 1196 1943 aspiciatur
1209 1865 1294 1921 non
1315 1837 1493 1920 multum
1509 1838 1638 1919 inunt.

606 2091 811 2201 Naoqaid
836 2119 914 2177 noa
937 2095 1128 2201 paucitas
1155 2091 1310 2177 dieram
1338 2119 1511 2177 meorum
1525 2092 1641 2205 finie-

528 2231 597 2305 ίαν
624 2222 755 2308 bravi?

528 2534 763 2703 trtsssutum
785 2640 819 2685 se
842 2640 880 2687 ac
903 2618 1080 2686 sollicitum
1105 2621 1216 2687 vivere
1238 2618 1392 2702 ostendit,
1428 2622 1484 2709 qui
1508 2621 1645 2690 brevita-

524 2746 592 2796 tem
615 2733 791 2817 praesentis
814 2735 899 2801 vitte
937 2732 1153 2814 considerans,
1178 2755 1245 2800 non
1268 2734 1338 2801 eins
1375 2755 1480 2814 nsum,
1503 2733 1559 2801 sed
1583 2751 1645 2800 ter·
1683 2817 1686 2822 Ι

525 2845 650 2910 minum
667 2847 834 2933 conspicit:
858 2863 895 2912 ut
917 2866 958 2911 ex
981 2845 1045 2912 fine
1070 2846 1211 2934 colligat,
1226 2846 1307 2913 nihil
1329 2834 1397 2913 esse
1422 2846 1510 2935 qnod
1543 2865 1644 2914 trans·

524 2951 594 3016 iens
631 2950 781 3019 delectat.
803 2943 887 3019 Hitic
912 2974 1051 3041 namque
1077 2975 1133 3039 per
1156 2952 1365 3022 Salomonem
1396 2951 1526 3022 dicitur:
1554 2978 1570 3017 α
1610 2957 1645 3023 Si

525 3063 617 3130 annis
641 3063 750 3131 multis
772 3066 889 3132 vixerit
918 3065 1031 3146 homo,
1054 3082 1086 3132 et
1111 3068 1144 3134 in
1172 3064 1220 3132 his
1242 3066 1394 3134 omnibns
1427 3066 1484 3155 (2)
1507 3065 1643 3134 laetatus

526 3167 637 3247 fuerit,
660 3169 845 3235 meminisse
869 3167 966 3236 debet
990 3170 1153 3237 tenebrosi
1177 3187 1333 3257 temporis
1356 3186 1388 3237 et
1411 3170 1535 3238 dierum
1561 3170 1645 3236 mul·

522 3293 645 3345 torum:
669 3283 824 3368 quicum
848 3283 1009 3360 venerint,
1040 3284 1191 3350 vanitatis
1224 3299 1401 3370 arguentur
1425 3284 1598 3370 praeterita.
1623 3308 1641 3345 o

409 3421 416 3432 ·
526 3384 582 3472 (3)
607 3385 690 3451 Hinc
715 3408 841 3453 tnrsnm
864 3388 1022 3475 scriptum
1045 3406 1106 3456 est:
1133 3413 1150 3452 r
1174 3389 1212 3455 ln
1234 3374 1388 3455 omnibus
1405 3386 1558 3475 operibus
1581 3390 1644 3455 tuis
1693 3469 1698 3482 μ

527 3510 708 3558 memorate
739 3492 913 3559 novissima
934 3510 1000 3574 tua,
1024 3509 1057 3559 et
1095 3494 1129 3559 in
1152 3510 1312 3560 aetetnnm
1335 3515 1403 3562 non
1442 3492 1642 3581 peccabis.»

526 3602 582 3691 (4)
604 3605 705 3691 Igitur
728 3625 803 3671 cum
828 3604 920 3693 culpa
943 3610 1088 3675 animum
1116 3623 1233 3690 tentat,
1257 3628 1348 3677 mens
1381 3628 1512 3677 necesse
1535 3624 1583 3676 est
1608 3624 1643 3673 ut

524 3948 553 4015 1)
587 3949 644 4002 lob.
665 3961 687 4015 3.
709 3947 749 4002 16.

523 4036 551 4104 2]
588 4036 690 4088 Bessar.
709 4035 774 4088 lotus
788 4040 876 4107 facita
895 4037 938 4093 hic
957 4045 1062 4108 quoque
1080 4047 1109 4091 ttt
1128 4013 1200 4091 ntis.

525 4124 553 4189 3)
588 4122 667 4176 Eccli.
688 4138 728 4175 11.
747 4123 772 4177 8.
1126 4145 1129 4152 ·

522 4223 553 4287 4)
592 4218 660 4274 Ecel.
680 4232 703 4285 7.
723 4233 765 4284 4ο.
