3909 5400
878 604 1152 759 -ruass'

422 880 527 931 morte
551 865 741 951 semetipsos
779 864 880 944 refici,
912 885 1008 955 atque
1041 863 1208 932 reformari
1254 863 1416 930 advitam
1452 886 1550 932 nove·

421 995 509 1056 runt,
534 980 636 1065 quasi⁸
657 998 748 1043 more
771 976 887 1066 aquiiae
925 999 999 1064 post
1047 977 1284 1066 contemplatos
1319 978 1395 1045 sohs
1432 978 1552 1056 radios,

421 1085 455 1146 in
481 1080 633 1147 cadavere
670 1103 775 1147 escam
809 1101 971 1168 quaerunt.
994 1083 1090 1149 Libet
1128 1100 1273 1169 spectare
1298 1080 1436 1170 aquilam
1475 1080 1551 1146 solis

410 1192 527 1292 'radios
550 1195 741 1272 intuentem,
766 1217 847 1282 quae
872 1198 924 1262 ait:
952 1220 968 1256 «
995 1196 1092 1275 Deus,
1116 1194 1219 1274 fortis,
1243 1212 1333 1282 pater
1357 1193 1457 1259 futuri
1482 1216 1554 1259 sae-

421 1303 496 1384 culi,
519 1310 667 1391 princeps
690 1310 786 1394 pacis.
810 1307 865 1396 (1)
889 1305 954 1372 Sed
978 1306 1033 1395 (2)
1058 1308 1097 1374 ab
1121 1308 1188 1374 alro
1213 1308 1322 1374 volatu
1349 1307 1551 1374 celsitudinis

420 1418 459 1484 ad
485 1437 583 1485 terras
607 1420 724 1498 veniat,
748 1441 854 1485 escam
879 1421 1042 1488 cadaveris
1082 1420 1218 1489 inferius
1258 1424 1411 1509 inquirat.
1450 1420 1550 1487 Paulo

421 1549 494 1616 post
517 1514 638 1597 etenim
664 1530 784 1613 subdit,
809 1533 928 1601 dicens:
956 1560 971 1596 u
998 1536 1175 1622 Disciplina
1200 1537 1286 1623 pacis
1309 1556 1430 1602 nostrae
1454 1557 1550 1621 super

420 1664 507 1722 eum,
530 1662 562 1709 et
585 1643 687 1711 livore
726 1647 794 1710 eius
817 1650 918 1713 sanati
942 1668 1064 1714 sumus.
1094 1677 1110 1713 i>
1136 1649 1193 1737 (ς)
1219 1651 1257 1716 fit
1296 1670 1435 1715 rursum:
1463 1674 1479 1709 «
1506 1649 1546 1714 Et

420 1755 521 1821 homo
545 1775 601 1836 est,
625 1776 658 1823 et
682 1759 753 1846 quis
783 1759 838 1847 (4)
863 1779 1039 1846 cognoscet
1062 1760 1153 1824 eum?
1179 1785 1195 1822 n
1222 1759 1278 1846 (ς)
1301 1759 1548 1829 Sublevataet·

419 1873 519 1955 goin
544 1869 710 1935 divinitate
736 1894 827 1941 metas
852 1874 940 1949 iusti,
964 1878 1040 1938 c'um
1075 1873 1323 1959 dispensationis
1347 1875 1482 1958 gratiam
1507 1895 1548 1937 cx
1636 1898 1647 1913 ·

420 1987 488 2050 eius
512 2006 605 2050 carne
645 1989 837 2064 considerat,
862 1989 950 2072 quasi
990 1989 1171 2053 asummis
1207 2001 1341 2071 repente
1380 2001 1415 2049 ut
1440 1983 1547 2070 aquila

420 2097 459 2163 ad
484 2118 589 2164 escam
614 2098 712 2164 volat.
737 2098 799 2163 Sed
823 2120 899 2164 ecce
923 2097 976 2164 ille
1003 2096 1195 2164 israeliticus
1223 2093 1362 2181 populus
1386 2095 1546 2161 immenso
1593 2134 1596 2138 -

332 2214 341 2231 ''
421 2211 542 2278 dudum
568 2213 746 2298 prophetiae
769 2214 882 2300 spiritu
907 2211 1039 2293 infusus,
1078 2209 1224 2276 eiusdem
1248 2207 1436 2294 prophetiae
1461 2209 1546 2273 dona

421 2324 568 2412 perdidit,
608 2343 704 2412 atque
728 2325 761 2390 iu
799 2348 837 2391 ea
859 2323 934 2406 fide,
966 2347 1062 2413 quam
1087 2321 1300 2410 ptaevidcndo
1324 2325 1545 2427 nunciaverat,

318 2524 321 2531 Ι
421 2460 487 2503 non
512 2442 694 2525 permansit:
719 2457 794 2506 eta
819 2462 853 2506 se
877 2439 1107 2525 Redemptoris
1145 2441 1357 2525 praesentiam
1395 2437 1544 2524 negando

420 2553 548 2637 repulit,
573 2575 669 2641 quam
701 2555 826 2620 cunctis
848 2578 881 2618 se
905 2553 1115 2642 sequentibus
1154 2550 1415 2638 praenuntiando
1439 2551 1544 2618 decla·

420 2657 513 2723 ravit.
539 2657 632 2725 Unde
656 2676 689 2724 et
713 2678 784 2745 apte
809 2661 955 2746 protinus
979 2679 1037 2743 per
1067 2656 1326 2742 compassionem
1365 2655 1404 2720 ad
1429 2676 1543 2721 eorum

421 2790 551 2855 quoque
576 2770 726 2840 duritiam
750 2794 857 2838 serruo
880 2774 1095 2848 convertitur,
1124 2768 1282 2855 atque‘ab
1307 2771 1352 2834 eis
1375 2770 1543 2855 quomodo

419 2882 607 2969 prophetiae
632 2886 732 2971 gratia
755 2883 972 2963 subtrahatur,
996 2882 1167 2948 iudicatur.
1191 2882 1275 2947 Nam
1299 2880 1461 2947 subditur:

839 3120 990 3189 CAPUT
1002 3121 1154 3189 xxxin.

501 3284 733 3369 Iudaeorunr
761 3285 931 3394 perfidia
959 3294 1001 3368 et
1028 3286 1273 3394 reprobatio.

509 3469 610 3551 Cum
637 3469 787 3553 dixero:
814 3469 1083 3578 Nequaquam
1097 3473 1157 3553 ito
1177 3472 1338 3579 luparum
1368 3499 1536 3555 cominu-

425 3608 463 3683 to
491 3602 634 3706 faciem
661 3609 845 3708 meamet
872 3601 1005 3684 dolore
1033 3607 1233 3710 torqueor.
1478 3583 1487 3600 ’

414 3966 443 4003 2·
481 3951 565 4004 Corb.
582 3952 671 4005 Germ.
690 3951 801 4007 vindoc.
820 3953 922 4046 Turop.
941 3954 988 4009 Sei
1005 3956 1087 4011 tri-iaia
1105 3957 1201 4012 relatu.

415 4062 442 4112 3·
478 4051 596 4116 Is:ai.35.
619 4063 641 4114 5.

413 4156 443 4205 4-
481 4144 583 4197 Gemet.
602 4157 628 4197 et
647 4145 771 4218 plerique,
790 4147 908 4217 captarit
926 4164 990 4201 eune.

414 4244 442 4296 5·
482 4233 527 4283 Ier.
550 4245 588 4296 ¹7·
609 4245 632 4297 9.
