3909 5400
852 641 1084 722 -833-

413 818 505 886 tend
531 819 791 907 cognoscendam
818 822 1027 887 vocationem
1053 822 1210 889 Gentium
1251 821 1434 888 sublimiter
1458 824 1540 907 rapi-

412 949 478 997 tur.
505 932 588 998 Nam
613 933 762 1018 protinus
787 932 907 999 subdit:
933 914 940 927 ⁸

849 1169 1000 1237 CAPUT
1027 1171 1109 1237 LIV.

500 1396 616 1500 Quod
661 1401 823 1480 vocatio
869 1400 1069 1506 gentium,
1098 1398 1348 1506 abantiquo
1386 1400 1429 1479 iu
1458 1398 1536 1479 Dei

420 1522 591 1603 consilio
620 1521 863 1602 abscondita
891 1523 959 1603 sit.

501 1782 616 1867 Licet
645 1785 724 1868 brac
751 1785 846 1866 celes
873 1785 917 1865 ita
933 1782 1045 1864 corda
1076 1788 1304 1887 r1i0,tamai
1330 1782 1409 1864 acio
1438 1783 1538 1889 uitio

421 1917 700 1997 arttt'aarsoratrrt
728 1915 963 1996 mettrittert's

491 2145 549 2207 cas

441 2177 573 2320 98&
595 2235 621 2297 si
645 2250 752 2321 aperte
778 2232 872 2298 dicat:
897 2233 964 2301 Cur
987 2232 1027 2299 de
1051 2255 1102 2299 me
1116 2234 1253 2321 trepido,
1278 2235 1334 2323 qui
1359 2253 1392 2301 et
1410 2236 1542 2302 univer·

419 2369 466 2412 sas
490 2363 603 2433 gentes
626 2348 698 2433 quia
723 2346 866 2433 colligas,
889 2346 970 2413 scio?
995 2336 1093 2425 Quod
1119 2366 1227 2414 tamen
1252 2350 1283 2414 in
1322 2333 1422 2416 corde
1447 2350 1544 2432 celas;

417 2468 450 2515 et
494 2453 566 2537 quia
603 2449 664 2515 boc
687 2450 793 2516 adhuc
832 2469 943 2536 aperto
967 2472 1116 2517 sermone
1153 2474 1218 2518 non
1244 2452 1374 2520 indicas.
1401 2454 1464 2520 Sed
1488 2455 1545 2540 qui

420 2565 646 2631 universorum
671 2564 896 2642 reminisceris,
922 2584 971 2629 me
996 2565 1211 2651 proculdubio
1232 2544 1275 2630 ¹de
1301 2569 1394 2632 venia
1418 2586 1545 2632 certum

419 2676 504 2745 facie.
529 2677 703 2746 Sciendum
727 2699 806 2744 vero
830 2696 887 2759 est,
912 2679 985 2765 quia
1023 2681 1054 2743 in
1079 2678 1268 2766 quibusdam
1293 2679 1386 2745 sacris
1410 2698 1441 2744 et
1465 2681 1545 2744 certi

420 2793 459 2858 de
486 2799 578 2858 venia
603 2792 777 2871 reddimur,
801 2810 833 2856 et
857 2810 928 2878 post
953 2810 1153 2877 perpetratas
1176 2793 1283 2878 culpas
1306 2793 1345 2858 ad
1369 2792 1545 2858 absolutio-

420 2899 468 2961 nis
491 2917 610 2962 nostrae
635 2896 788 2961 fiiuciam
827 2900 1029 2960 correctione
1054 2915 1086 2959 et
1111 2898 1305 2981 poenitentia
1327 2895 1545 2981 subsequente

421 3009 621 3075 roboramur:
660 3027 851 3095 perpetrata:
892 3027 1000 3074 tamen
1024 3026 1142 3073 nostrae
1174 3010 1326 3094 nequitiae
1350 3010 1454 3075 adbuc
1479 3029 1546 3073 me-

422 3123 524 3187 moria
559 3122 732 3207 tangimur,
770 3139 801 3185 et
830 3122 1026 3206 cogitatione
1052 3120 1162 3188 illicita
1199 3126 1303 3191 aversi
1335 3124 1544 3211 nolentesque

424 3226 595 3311 pulsamur.
623 3224 716 3292 Unde
740 3243 772 3291 et
798 3244 870 3309 apte
895 3225 1113 3312 subiungitur:

868 3516 1019 3583 CAPUT
1044 3515 1110 3581 LV.

508 3763 622 3865 Quod
649 3773 816 3870 puocatis
835 3763 1058 3868 praeterita
1085 3760 1210 3842 etiam
1231 3786 1323 3840 cum
1352 3786 1426 3863 por
1449 3786 1542 3865 poe-

430 3897 648 3976 nitentiam
685 3893 825 3976 abluta
871 3894 1037 3998 fuerint,
1081 3894 1315 3999 importuna
1345 3893 1542 3997 cogitatio

429 4054 656 4132 incurram,
685 4027 804 4107 uobis
832 4025 1030 4132 porrlueac
1058 4025 1110 4106 ad
1137 4033 1330 4107 montem.
1360 4023 1415 4106 Et
1444 4023 1543 4130 quid

432 4162 499 4265 sir,
529 4160 636 4265 quod
665 4187 738 4266 por
766 4158 938 4267 Moysen
967 4158 1090 4241 humo
1131 4163 1333 4238 nocturno
1360 4154 1542 4263 pollutus

1405 4428 1462 4496 105
