3909 5400
853 633 1087 714 -863-

412 815 547 885 randum
575 818 680 905 itaque
715 834 773 896 est,
798 837 838 880 ne
863 833 918 882 aut
957 817 1153 881 necessitatis
1189 833 1289 879 metas
1313 831 1387 880 cura
1426 817 1530 883 carnis

415 939 565 1000 transeat,
590 940 644 987 aut
669 922 700 987 in
721 940 766 985 eo
790 919 877 1008 quod
902 921 1067 986 moderate
1092 920 1272 1006 exequitur,
1296 918 1335 983 de
1376 941 1410 983 se
1436 941 1526 1005 prae·

371 1082 377 1091 -
413 1057 527 1103 sumat.
566 1037 666 1122 Saepe
692 1056 771 1100 vero
795 1035 920 1099 animus
932 1032 1061 1113 fallitur,
1085 1050 1122 1097 nt
1146 1031 1234 1119 qnod
1259 1030 1453 1117 voluptuosa
1477 1054 1531 1117 ap-

415 1153 509 1236 petit,
524 1151 741 1215 necessarium
755 1151 938 1234 suspicitur:
965 1167 1123 1234 quatenus
1147 1169 1244 1212 omne
1269 1145 1424 1233 (1)quod
1441 1144 1529 1223 libet,

415 1259 498 1321 vitae
523 1253 664 1320 debitam
698 1251 871 1318 utilitatem
911 1270 1015 1339 putet.

506 1371 565 1436 '128
592 1371 629 1436 Et
653 1391 756 1457 saepe,
781 1366 1005 1455 quiaesfecrus
1044 1364 1278 1452 providentiam
1308 1366 1462 1451 sequitur,
1499 1367 1531 1428 in

410 1484 462 1548 sui
485 1482 601 1549 fiducia
620 1504 708 1548 mens
731 1481 864 1548 levatur.
891 1481 1041 1567 Cumque
1066 1478 1123 1545 sibi
1149 1478 1246 1556 adest,
1271 1476 1359 1565 quod
1394 1477 1525 1543 decesse

414 1590 530 1653 ceteris
546 1588 671 1665 viderit,
696 1588 892 1672 cogitatione
916 1588 1013 1651 tacita
1037 1584 1076 1651 de
1090 1583 1313 1670 magnitudine
1330 1605 1404 1648 suae
1422 1584 1532 1670 provi-

414 1694 512 1757 sionis
528 1691 918 1779 hilarercit;(2)tantoaue
933 1697 995 1756 iam
1012 1713 1117 1756 svera
1132 1693 1354 1774 provisionem
1368 1688 1466 1776 longe
1482 1687 1531 1767 fit,

415 1825 537 1892 quanto
560 1809 658 1891 ipsam
684 1826 814 1892 quoque
839 1804 1023 1882 elationem,
1050 1826 1145 1891 quarn
1170 1805 1301 1889 patitur,
1326 1803 1438 1868 nescit,
1466 1803 1530 1868 Un-

414 1918 454 1982 de
478 1917 586 1983 solerti
610 1939 736 2003 semper
761 1916 923 1982 custodiae
963 1917 1145 1981 intentione
1169 1913 1369 2002 pensandum
1395 1931 1456 1992 est,
1482 1912 1536 1978 vet

417 2029 491 2116 quid
516 2051 612 2115 opere
638 2034 770 2114 agimus,
795 2029 847 2094 vei
872 2028 947 2116 quid
973 2028 1070 2094 corde
1097 2050 1272 2109 versamus;
1297 2049 1337 2092 ne
1361 2046 1415 2093 aut
1441 2049 1532 2092 men·

414 2164 480 2209 tem
507 2143 723 2230 praepediens,
746 2141 829 2210 foras
851 2166 884 2209 se
909 2163 1037 2210 terrena
1063 2164 1137 2210 cura
1173 2140 1378 2227 multiplicet,
1402 2159 1456 2206 aut
1480 2139 1535 2207 sai-

417 2269 482 2315 aem
508 2248 639 2315 deeius
664 2247 883 2316 moderamine
908 2251 994 2315 intus
1017 2271 1052 2314 se
1077 2248 1231 2336 cogitatio
1244 2245 1374 2327 exaltet,
1398 2264 1433 2313 ut
1458 2267 1534 2313 cum

416 2361 525 2429 divina
550 2362 665 2429 iudicia
689 2361 859 2451 temporali
885 2363 1178 2450 circumspectione
1204 2363 1393 2440 metuimus,
1417 2362 1530 2448 sempi-

417 2470 499 2535 terni
523 2467 654 2555 suplicia
679 2469 820 2535 horroris
844 2467 1028 2535 evadamus.

413 2725 441 2790 ι)
478 2725 581 2779 Gemet.
601 2726 681 2781 Corb.
701 2728 791 2781 Genu.
822 2729 886 2798 Reg.
917 2728 1041 2798 quodlibet
1059 2729 1126 2780 vitae
1144 2727 1258 2786 debitum,
1280 2732 1308 2777 ut
1326 2726 1459 2777 utilitatem
1475 2735 1522 2795 pu·

431 2823 470 2870 it'i.

414 2913 442 2980 a]
479 2915 582 2967 Bessar.
601 2915 667 2969 hacc
688 2916 793 2986 insuper
811 2917 898 2970 babes.
916 2917 948 2969 Et
966 2916 1082 2987 quicquid
1099 2916 1146 2968 sibi
1156 2925 1299 2986 prosperum
1317 2915 1455 2968 successerit
1472 2913 1523 2965 eia·

430 3006 505 3060 'tionis
525 3010 645 3081 impuro,
662 3027 720 3063 suae
737 3013 817 3082 potins
838 3014 982 3065 intentionis
1001 3022 1060 3083 opus
1082 3027 1139 3074 esse,
1166 3012 1289 3082 proponit.
1310 3009 1439 3079 Tantaque
1474 3024 1523 3063 etc.

431 3106 494 3158 Mox
515 3122 591 3174 piram
610 3108 636 3157 in
655 3107 725 3159 corde
741 3109 839 3178 patitur
857 3110 940 3161 nrscit.
960 3111 1015 3179 Ipsa
1034 3108 1120 3159 etenim
1133 3107 1206 3159 elatio
1224 3108 1310 3159 mentis
1323 3107 1421 3159 oeuttnn
1439 3108 1523 3159 obscu-

432 3200 481 3256 rat;
508 3202 535 3242 nt
556 3193 616 3245 daim
635 3194 662 3244 in
681 3196 723 3245 sai
742 3203 837 3248 tantum
856 3196 975 3249 commodi
991 3196 1132 3267 provisione
1154 3195 1265 3247 unitiatem
1280 3196 1351 3265 figit,
1369 3194 1401 3246 ad
1419 3209 1446 3246 ea
1465 3211 1525 3265 qitae

431 3287 537 3340 videmia
558 3289 606 3340 sibi
625 3291 759 3341 necessaria
777 3297 846 3356 sient,
864 3291 962 3344 oculum
980 3291 1081 3344 claudit.
1101 3291 1168 3344 Hinc
1193 3291 1302 3360 reprobis
1319 3306 1335 3341 a
1354 3289 1464 3341 Domino
1480 3300 1524 3361 per

429 3384 571 3454 prophetam
590 3384 689 3449 dieitnr3
708 3386 821 3440 Excaeca
840 3402 885 3439 cor
903 3385 994 3456 popoli
1018 3386 1104 3439 huius.
1125 3388 1196 3455 Quia
1213 3388 1357 3459 pierumque
1375 3388 1450 3441 acutis
1469 3405 1524 3441 car·

430 3481 498 3550 poris
517 3481 548 3532 ad
567 3482 719 3551 temporalia,
731 3499 760 3535 ae
774 3483 917 3534 transitoria
930 3482 1034 3535 videnda
1047 3484 1233 3554 aperiantatr5et
1243 3485 1346 3554 peccatis
1358 3485 1522 3555 exigentibus,

433 3594 462 3627 ne
480 3578 591 3629 eoelestia
610 3584 682 3648 elprae
700 3578 820 3649 inteficaa
829 3579 979 3650 perspiciant
991 3578 1057 3631 ocuti
1066 3580 1158 3632 mentis
1171 3579 1262 3631 divina
1272 3579 1427 3650 prwidentta
1445 3580 1515 3632 etau-

432 3665 541 3718 dantur.
563 3666 594 3719 Ut
614 3673 681 3719 terito
699 3669 807 3719 senterius
826 3667 891 3737 piati
908 3667 986 3738 coepit
1014 3668 1133 3738 perficiat,
1165 3673 1258 3738 quarata
1275 3673 1299 3720 et
1316 3668 1404 3719 mentis
1421 3668 1525 3720 caecita-

434 3769 479 3813 tem
496 3764 600 3833 patiens,
621 3763 665 3817 hoc
683 3762 747 3831 qnod
763 3764 819 3832 agit
838 3763 945 3832 ignoret.
967 3761 1035 3815 Urnie
1054 3802 1060 3815 .
1080 3802 1087 3816 .
1107 3802 1113 3815 .
1132 3763 1241 3818 custodia
1266 3770 1292 3817 tn
1317 3764 1498 3835 temptatione.
1518 3802 1525 3816 .

435 3862 676 3932 temporaliter2eum
695 3862 848 3930 inspectione.
