3909 5400
854 688 1089 769 -763-

359 908 362 913 .
414 847 547 933 patriam
573 843 758 931 perducant.
797 844 906 910 Homo
945 864 1023 929 ergo
1048 840 1086 907 ab
1111 842 1244 907 internis
1268 839 1392 928 gaudiis
1430 842 1529 908 semel

413 958 573 1045 expulsus,
599 957 716 1025 clausas
742 976 854 1025 contra
878 981 910 1023 se
935 959 1043 1024 ianuas
1066 959 1181 1020 secreti
1204 954 1353 1041 spiritalis
1387 959 1529 1041 aspiciat,

413 1090 509 1159 atque
534 1071 570 1137 ad
610 1074 820 1158 semetipsum
845 1070 928 1138 foras
968 1074 1130 1158 proiectus
1166 1074 1316 1135 incarne
1357 1090 1473 1156 gemat,
1498 1089 1529 1134 er

415 1184 576 1251 caecitatis
600 1206 674 1251 suae
699 1183 813 1251 damna
851 1183 1066 1263 considerans,
1106 1183 1202 1250 dicat:
1229 1184 1301 1248 «Si
1342 1186 1467 1248 venerit
1492 1183 1529 1248 ad

414 1321 477 1378 ane,
501 1320 567 1364 non
593 1298 710 1364 videbo
748 1321 833 1364 eum:
859 1319 890 1365 et
914 1301 939 1364 si
973 1297 1097 1376 abierit,
1122 1319 1187 1363 non
1227 1297 1414 1383 intelligam.
1443 1302 1531 1363 »Ac

414 1414 439 1476 si
463 1430 571 1497 aperte
596 1409 775 1497 deploret,
800 1410 919 1478 dicens:
945 1414 1119 1500 Postquam
1157 1411 1257 1477 semel
1280 1430 1395 1497 sponte
1420 1410 1532 1477 oculos

414 1523 546 1610 perdidi,
587 1528 739 1610 quoniam
766 1528 926 1610 quaesitae
966 1529 1071 1591 noctis
1104 1528 1291 1591 caecitatem
1333 1526 1447 1610 patior,
1472 1546 1531 1587 nec

335 1696 337 1701 .
414 1654 522 1702 ortum
548 1639 619 1716 iam,
646 1658 707 1703 nec
744 1660 894 1704 occasum
919 1637 995 1703 solis
1034 1659 1184 1724 agnosco.
1211 1639 1248 1703 Et
1275 1658 1381 1704 tamen
1422 1639 1532 1715 bomo,

415 1752 470 1837 qui
494 1749 688 1816 infirmitatis
712 1773 816 1837 poena
845 1753 1014 1837 premitur,
1038 1771 1070 1815 et
1095 1752 1258 1816 caecitatis
1297 1771 1373 1816 suae
1400 1749 1532 1834 caligine

414 1883 573 1950 gravatur,
599 1863 635 1929 ad
676 1886 831 1950 supernae
856 1864 937 1929 lucis
962 1863 1116 1929 iudicium
1152 1881 1313 1950 properat,
1339 1881 1372 1926 ut
1398 1883 1531 1927 suorum

414 1995 545 2043 actuum
571 1980 728 2044 rationem
753 1977 875 2044 reddat.
901 1976 995 2045 Unde
1020 1995 1051 2041 et
1077 1978 1153 2041 mox
1177 1974 1333 2041 subditur:

845 2135 996 2203 CAPUT
1043 2134 1131 2201 XlV'.

498 2284 604 2386 Quid
632 2286 685 2367 sit
713 2285 961 2392 respondere
991 2282 1091 2365 Deo.

499 2468 547 2552 Si
573 2479 728 2577 repmrie
754 2472 983 2577 interruper',
1014 2475 1106 2576 quis
1136 2468 1381 2578 respondebit
1408 2470 1464 2551 ei?

438 2641 666 2814 &Repente
695 2728 779 2792 Deus
804 2730 992 2812 interrogat,
1019 2747 1091 2788 cum
1128 2746 1187 2787 nns
1225 2724 1263 2789 ad
1299 2723 1534 2788 districtionem

414 2845 463 2908 sui
487 2844 641 2907 examinis
666 2843 851 2927 inopinatos
877 2859 983 2906 vocat.
1007 2839 1070 2903 Sed
1095 2839 1340 2922 interrogationi
1380 2837 1464 2903 illius
1487 2860 1534 2903 re·

414 2954 571 3041 spondere
598 2955 696 3019 homo
721 2976 786 3019 non
812 2954 940 3020 sufficit:
966 2955 1039 3039 qnia
1073 2955 1096 3016 si
1139 2969 1262 3016 remota
1302 2969 1380 3014 tunc
1417 2953 1535 3036 pietate

416 3069 597 3143 discutitur,
623 3070 653 3131 in
681 3066 734 3130 illo
759 3069 905 3132 examine
930 3071 1027 3133 etiam
1052 3068 1209 3130 iustorum
1237 3065 1299 3129 vita
1339 3064 1534 3129 succumbit.

415 3179 477 3245 Vel
503 3198 587 3245 certe
613 3181 800 3264 interrogat,
825 3200 900 3243 cum
923 3178 1010 3244 duris
1036 3202 1094 3245 nos
1132 3181 1393 3263 percussionibus
1418 3157 1538 3263 pulsati

416 3311 452 3357 ut
478 3313 550 3356 cnm
576 3313 667 3355 urens
692 3310 799 3355 nostra
825 3312 938 3377 magna
963 3293 1002 3354 de
1027 3314 1060 3357 se
1077 3291 1355 3379 intranquillitate
1381 3293 1536 3368 aestimat,

416 3405 622 3490 semetipsam
650 3404 805 3469 veraciter
830 3403 930 3490 qualis
954 3407 1005 3484 sir,
1031 3409 1061 3471 in
1087 3404 1330 3492 perturbatione
1360 3404 1532 3489 depreben-

418 3515 482 3581 dat.
507 3517 545 3581 Et
571 3514 761 3602 plerumque
786 3518 937 3601 quoniam
964 3521 1154 3604 percutitur,
1179 3535 1297 3604 gemet:
1323 3515 1377 3581 sed
1404 3539 1538 3602 respon-

419 3630 494 3693 dere
519 3650 584 3692 non
609 3627 737 3707 sufficit,
762 3632 834 3715 qaia
859 3647 890 3695 ee
916 3633 981 3717 ipsa
1006 3635 1032 3698 ei
1061 3632 1276 3718 percussionis
1312 3652 1386 3695 snae
1426 3630 1536 3694 adrer-

417 3744 491 3807 sitas
515 3740 673 3828 displicet:
706 3741 760 3807 sed
797 3760 903 3810 tamen
939 3750 1150 3833 semetipsum
1187 3747 1286 3811 bomo
1323 3744 1537 3820 considerans,

419 3875 514 3934 tacet,
531 3877 562 3921 et
587 3856 695 3922 divina
720 3856 836 3923 iudicia
860 3857 1020 3926 discutere
1045 3863 1172 3938 metuit,
1209 3862 1281 3946 quin
1321 3881 1387 3923 esse
1413 3881 1445 3924 se
1471 3858 1539 3943 pnl-

420 3989 530 4032 verem
555 3972 714 4055 agnoscit.
742 3968 834 4034 Unde
859 3988 890 4033 et
916 3995 971 4058 per
1009 3974 1142 4040 Paulum
1169 3973 1298 4038 dicitur:
1327 3998 1341 4031 a
1369 3972 1402 4037 O
1429 3972 1539 4040 bomo,

421 4099 455 4144 tu
481 4085 606 4167 quises
631 4087 687 4169 qui
712 4083 904 4169 respondens
944 4087 1030 4153 Deo?
1072 4113 1087 4147 n
1128 4087 1188 4174 (ι)
1228 4084 1433 4173 llesporrdere
1471 4086 1539 4158 Deo

412 4198 486 4209 unu-n..

414 4235 440 4298 1)
484 4233 560 4284 Rom.
581 4248 604 4296 9.
627 4251 667 4290 ao.
