3909 5400
911 697 1146 776 -777-

469 858 534 919 nat,
558 844 582 906 si
608 859 639 906 et
678 839 748 907 illos
772 842 805 907 in
842 862 1001 908 eternum
1026 845 1176 930 percutit,
1213 864 1294 930 quos
1332 858 1438 910 reatus
1463 843 1583 912 arbitrii

468 969 536 1011 non
560 946 696 1012 addicit?

551 1072 604 1135 40.
630 1052 723 1129 Quae
749 1052 902 1118 nimirum
927 1049 1012 1118 dicta
1036 1073 1097 1118 nec
1121 1076 1137 1117 a
1161 1036 1254 1118 beato
1278 1049 1335 1116 lob
1358 1051 1536 1137 specialiter
1560 1054 1591 1118 di

468 1184 614 1250 strepare
638 1165 874 1251 cognoscimus,
898 1167 923 1230 si
947 1164 1026 1230 haec
1051 1186 1147 1253 quam
1173 1187 1247 1230 vere
1283 1162 1405 1251 prolata
1428 1184 1514 1244 sunt,
1543 1169 1590 1231 in-

469 1265 632 1353 dagamus.
667 1270 881 1355 Semetipsum
906 1290 1047 1356 namque
1081 1266 1242 1334 subtiliter
1265 1291 1410 1354 pensans,
1436 1289 1531 1356 atque
1556 1273 1591 1335 in

469 1380 559 1446 omui
583 1384 711 1447 actione
736 1380 924 1461 diiudicans,
959 1403 1107 1469 supernae
1131 1382 1340 1448 districtionis
1378 1387 1445 1447 vim
1470 1404 1589 1469 quanta

471 1484 688 1552 sollicitudine
712 1491 928 1574 pertimescat,
953 1489 1102 1566 insinuat,
1125 1485 1277 1554 subdens:
1305 1512 1320 1549 <r
1346 1487 1382 1552 ln
1407 1488 1536 1553 turbine
1561 1513 1593 1554 e·

469 1601 537 1664 nim
563 1619 712 1666 conteret
736 1624 797 1667 ine.
825 1627 840 1664 a
866 1606 915 1667 Ac
938 1604 963 1666 si
987 1619 1096 1686 aperte
1121 1600 1216 1665 dicat:
1242 1599 1367 1666 ldcirco
1396 1602 1483 1667 hunc
1507 1625 1592 1667 sem-

470 1735 526 1799 per
551 1733 583 1778 et
607 1716 640 1780 in
665 1714 897 1802 tranquillitate
935 1715 1048 1794 time0,
1072 1716 1145 1800 quia
1182 1736 1237 1799 per
1260 1713 1393 1801 flagella,
1419 1715 1518 1803 qualis
1558 1719 1590 1781 in

471 1826 606 1893 turbine
647 1831 765 1908 veniat,
789 1851 855 1894 non
879 1833 1005 1915 ignore.
1044 1828 1137 1905 Quae
1161 1827 1285 1914 flagella
1309 1828 1434 1894 scilicet
1472 1849 1505 1893 et
1529 1852 1594 1894 me·

475 1958 571 2005 tuens
596 1939 766 2025 praevidit,
790 1959 822 2005 et
847 1938 1037 2026 praevidens
1060 1938 1202 2026 pertulit.
1218 1938 1311 2006 Unde
1335 1939 1529 2026 subiungitur
1554 1943 1594 2008 Et

470 2053 698 2141 multiplicabit
725 2054 857 2120 vulnera
882 2077 952 2118 mea
983 2056 1160 2120 etiamsine
1185 2075 1287 2119 causa.
1313 2079 1329 2115 a
1356 2054 1401 2120 Ut
1424 2057 1511 2119 enim
1536 2074 1594 2118 sae-

469 2181 508 2244 pe
534 2162 595 2225 iarn
622 2158 770 2238 diximus,
795 2182 998 2247 nequaquam
1024 2156 1208 2225 beatuslob
1226 2178 1397 2245 percussus
1414 2177 1472 2238 est,
1498 2178 1531 2224 ut
1556 2161 1591 2224 in

470 2295 509 2336 eo
534 2274 695 2358 percussio
722 2275 836 2339 vitium
862 2290 1014 2359 tergeret,
1031 2274 1085 2338 sed
1111 2276 1311 2339 utnteritum
1343 2291 1486 2359 augeret.
1510 2274 1591 2340 Vul-

470 2407 619 2452 neratum
643 2410 675 2452 se
702 2390 809 2475 itaque
833 2390 903 2453 sine
928 2409 1024 2454 causa
1048 2410 1198 2467 asserens,
1222 2387 1285 2454 hoc
1309 2384 1348 2452 de
1386 2409 1420 2452 se
1443 2386 1523 2453 fotis
1547 2387 1594 2454 lo·

471 2500 589 2585 quitur,
614 2498 700 2586 quod
724 2499 763 2565 de
800 2500 856 2567 illo
879 2502 1006 2567 Veritas
1045 2502 1078 2568 in
1117 2501 1250 2568 occulto
1286 2519 1431 2579 testatur,
1474 2503 1593 2569 dicens:

472 2637 487 2673 e
515 2613 734 2679 commovisti
759 2637 811 2681 me
835 2615 996 2681 adversus
1029 2638 1115 2694 eum,
1140 2635 1175 2680 ut
1212 2613 1389 2702 affligerem
1430 2637 1505 2680 eum
1530 2615 1594 2680 ltu·

469 2744 541 2792 stra.
556 2753 572 2788 n
599 2728 720 2814 (1)Vit
743 2752 820 2815 ergo
844 2749 972 2797 sanctus
985 2729 1120 2814 superbe
1139 2751 1203 2794 non
1221 2727 1312 2806 dicit,
1330 2729 1416 2816 qnod
1435 2733 1593 2795 veraciter

470 2839 559 2906 dicit:
584 2864 644 2907 nec
667 2866 724 2929 per
749 2844 827 2909 lraec
852 2844 948 2911 verba
973 2870 990 2911 a
1014 2847 1209 2926 rectitudine
1235 2843 1407 2929 discrepat,
1431 2864 1488 2928 per
1512 2865 1593 2929 quae

468 2956 613 3022 aiudice
638 2981 704 3023 non
729 2958 901 3025 discordat.
927 2961 993 3038 Qui
1018 2958 1208 3025 eorumdem
1241 2959 1393 3045 protinus
1420 2955 1593 3022 vulnerum

472 3073 750 3139 continuationem
774 3076 935 3159 exprimit,
960 3095 1036 3139 curn
1060 3072 1239 3158 subiungit:

891 3352 1045 3419 CAPUT
1069 3352 1175 3418 XXll.

551 3542 669 3625 inlus
698 3550 738 3623 eb
766 3542 866 3624 soris
895 3541 1109 3648 affligitur.

550 3767 646 3849 Nem
687 3767 859 3850 coneedit
900 3770 1094 3876 quiescere
1136 3770 1326 3877 spiritum
1373 3794 1512 3873 ereum,
1556 3774 1592 3849 el

472 3892 609 3998 implet
636 3919 694 3973 me
721 3890 1074 3976 amaritudinibus.
