3909 5400
820 663 1085 743 .-819-

416 835 451 883 ut
479 817 581 883 husin
598 815 809 883 aimaritudiue
825 821 940 885 animae
957 818 1117 906 loquatur:
1136 837 1171 885 ut
1196 821 1264 886 haec
1291 823 1356 907 ipsa
1382 825 1534 890 amaritu-

414 929 457 994 do
469 930 591 1015 puniat‚
605 927 760 1017 quidquid
775 929 884 1017 lingua
893 953 948 1018 per
963 930 1079 998 mentis
1097 931 1193 999 iudici
1203 955 1264 1001 um·
1276 954 1401 1002 accusat
1417 938 1530 1002 Scien-

413 1039 491 1107 dum
517 1064 595 1109 vero
618 1060 676 1122 est,
701 1044 774 1130 quia
797 1065 837 1108 ex
860 1065 964 1130 poena
988 1046 1333 1132 poenitentiae,quam
1358 1045 1419 1111 sibi
1444 1026 1535 1112 metis

413 1157 545 1241 irrogat,
568 1155 766 1242 aliquatenus
788 1158 997 1225 securitatem
1020 1159 1167 1245 percipit,
1192 1177 1288 1246 atque
1320 1157 1359 1225 ad
1398 1159 1537 1224 interro·

413 1268 577 1356 gationem
594 1270 721 1355 superni
735 1268 848 1337 iudicis
869 1270 1022 1340 fidentior
1045 1273 1186 1358 exurgit:
1200 1289 1235 1336 ut
1247 1272 1449 1357 semetipsam
1463 1271 1537 1335 sub·
1558 1300 1564 1311 ·

414 1383 502 1450 tilius
525 1385 678 1464 iuveniat,
703 1403 734 1451 et
759 1406 835 1472 erga
858 1407 891 1453 ue
917 1367 1054 1475 quaeque
1080 1386 1270 1473 quomodo
1309 1384 1536 1470 disponuntur,

412 1516 576 1584 agnoscat.
603 1496 697 1566 Unde
721 1517 756 1564 et
780 1500 927 1586 protinus
952 1498 1092 1567 additur:

837 1693 988 1761 CAPUT
1018 1693 1119 1760 XLV.

497 1918 658 2000 Iudicat
685 1945 760 1998 nus
775 1916 843 1996 his
873 1925 913 1998 ei
940 1917 1059 2022 punit
1078 1916 1190 1998 Deus
1211 1916 1369 1997 duobus
1387 1913 1530 1994 modis.

492 2174 643 2257 Dicat-raa
669 2173 767 2256 Deus
794 2173 896 2255 Nola·
914 2201 971 2255 me
999 2172 1265 2256 condemnare.
1296 2171 1440 2254 Indica
1459 2175 1532 2253 mi-

420 2306 474 2409 aa,
492 2332 564 2386 utar
592 2333 650 2385 tare
677 2306 738 2386 it‘a
765 2302 925 2386 iudices,

439 2544 616 2711 &Quia
629 2637 833 2709 peccatorem
846 2643 878 2686 se
896 2622 928 2686 iu
950 2621 1163 2687 amaritudine
1177 2623 1292 2687 auimae
1316 2622 1436 2697 asserit,
1461 2622 1537 2706 quid

417 2739 489 2805 Deo
506 2735 602 2818 aliud,
613 2756 708 2824 quam
722 2756 763 2801 ne
778 2734 1026 2815 condemnetun
1036 2735 1128 2801 dicit?
1138 2737 1210 2822 quia
1222 2735 1402 2801 amaritudo
1414 2755 1537 2819 praesen

416 2855 456 2919 tis
469 2854 673 2941 poenitentiae
686 2851 847 2935 extinguit
864 2849 1020 2936 supplicia
1035 2850 1196 2934 sequentis
1209 2845 1417 2913 irae.Duobus
1429 2864 1538 2911 autent

415 2964 520 3031 modis
543 2968 575 3030 in
598 2963 658 3030 hac
682 2964 747 3029 vita
770 2961 938 3029 hominem
955 2962 1045 3028 Deus
1069 2958 1199 3026 iudicat:
1218 2960 1290 3047 quia
1315 2977 1367 3024 aut
1386 2980 1440 3043 per
1455 2956 1538 3023 mala

355 3087 358 3095 '
417 3077 586 3163 praesentia
600 3078 739 3160 irrogare
752 3075 814 3140 iarn
830 3091 992 3140 tormenta
1007 3073 1187 3160 sequeutia,
1198 3072 1321 3158 incipit,
1334 3087 1389 3136 aut
1402 3087 1547 3135 tormen-

417 3202 449 3249 ta
464 3180 633 3268 sequentia
649 3177 783 3264 flagellis
804 3177 1022 3265 praesentibus
1040 3178 1219 3264 extinguit.
1232 3176 1298 3242 Nisi
1315 3177 1401 3241 enim
1419 3172 1541 3238 delictis

417 3283 620 3371 exigentibus
636 3286 735 3349 iustus
748 3282 844 3349 iudex
861 3300 895 3348 et
910 3303 997 3348 nunc
1016 3300 1046 3347 et
1065 3282 1278 3368 postmodum
1298 3278 1453 3365 quosdam
1469 3299 1539 3362 per-

418 3405 556 3467 cuteret,
568 3388 659 3455 Iudas
673 3387 689 3475 (
696 3388 728 3475 1)
742 3389 874 3453 minime
891 3386 1031 3452 dixisset:
1057 3412 1072 3447 a
1088 3381 1244 3451 Secundo
1257 3405 1313 3449 eos
1326 3384 1379 3470 qui
1393 3404 1458 3447 uon
1473 3402 1539 3447 cre·

417 3494 577 3572 uiderunt,
591 3491 743 3579 perdidit:
759 3516 775 3553 u
795 3489 850 3577 (2)
875 3507 907 3555 et
931 3488 969 3555 de
1000 3490 1124 3575 iniquis
1148 3486 1310 3554 Psalmista
1335 3508 1399 3552 nou
1419 3488 1539 3549 diceret

420 3623 436 3659 a
448 3595 624 3664 induantur
640 3599 723 3663 sicut
743 3592 883 3683 diploide
899 3593 1092 3660 confusione
1103 3613 1169 3658 sua.
1186 3591 1241 3677 (3)
1261 3617 1275 3652 n
1290 3589 1473 3676 Diploidem
1484 3590 1538 3677 (4)

432 3937 576 4008 Dipluidem
595 3938 684 4007 quippe
702 3936 806 4006 duplum
825 3936 1001 3987 vestimentum
1020 3932 1132 3984 dicimus.
1152 3930 1203 3985 Ubi
1224 3931 1287 3985 editi
1305 3929 1402 4000 diplois.

415 4025 442 4092 ι]
480 4023 551 4076 Iuda.
573 4035 594 4088 5.

416 4114 443 4178 3)
481 4111 692 4174 Psal.108.29.

415 4210 444 4274 4)
481 4209 582 4261 Bessar.
603 4207 692 4277 diplois
711 4205 739 4258 de
757 4205 847 4275 diplois
867 4243 872 4255 .
892 4242 899 4255 .
919 4242 925 4255 .
945 4241 952 4255 .
971 4202 1071 4257 dicitur.
