3909 5400
485 267 722 405 pdstuisquis
745 340 777 382 se
804 321 924 403 praeire
961 341 1074 382 omnes
1098 320 1221 382 ratione
1259 318 1431 395 aestimat,
1457 315 1533 403 quid

415 436 474 501 iste
498 432 582 499 aliud
608 453 701 519 quam
726 430 830 495 solum
855 452 887 494 se
912 453 982 495 esse
1007 432 1172 495 hominem
1208 430 1354 494 exultat?
1381 431 1418 496 Et
1442 453 1534 516 saepe

413 547 583 633 contingit,
610 562 643 608 nt
667 564 741 608 cum
767 565 823 628 per
848 557 1009 608 tumorem
1036 565 1125 608 mens
1150 547 1181 608 itt
1206 542 1306 608 altum
1331 541 1471 618 ducitur,
1499 547 1530 605 in

414 650 604 735 despectum
628 649 786 725 omnium,
799 664 831 711 et
855 649 902 712 sui
915 646 1125 713 admiratione
1143 647 1339 712 sublevetur.
1365 647 1400 711 ln
1416 649 1535 732 cogita·

416 767 504 826 tione
528 763 648 825 etenim
675 762 795 846 proprii
833 754 959 826 favores
992 765 1164 839 oriuntur,
1189 762 1315 849 sibique
1351 762 1389 826 de
1426 765 1536 847 singu-

413 874 535 940 latitate
551 877 722 959 sapientiae
750 874 805 962 (ι)
846 872 1016 954 blanditur,
1058 898 1110 961 psa
1146 875 1285 942 fatuitas.
1328 878 1449 941 Pensnt
1487 897 1534 953 ea,

417 1013 497 1077 quae
521 989 666 1068 audierit,
706 1009 741 1060 ac
766 986 873 1066 verba,
905 1010 985 1075 quae
1026 991 1158 1076 prolert,
1182 1005 1214 1052 et
1251 989 1383 1053 miratur
1415 1009 1479 1064 sua,
1504 1005 1536 1050 et

416 1101 498 1167 ridet
524 1100 633 1167 aliena.
658 1103 724 1178 Qui
749 1123 828 1187 ergo
852 1100 954 1168 solum
980 1125 1012 1166 se
1036 1123 1145 1187 sapere
1169 1103 1325 1179 aestimat,
1351 1099 1427 1186 quid
1452 1099 1535 1165 aliud

416 1237 512 1303 qnam
538 1217 618 1280 lianc
642 1214 776 1281 eandem
801 1235 911 1281 secum
935 1216 991 1303 (2)
1015 1218 1098 1279 mori
1122 1217 1311 1300 sapientiam
1351 1214 1456 1299 putat?
1482 1215 1536 1301 (3)

415 1330 498 1396 Nam
525 1351 619 1416 quam
644 1329 751 1395 adesse
776 1327 842 1395 aliis
865 1329 989 1406 abnuit,
1012 1326 1072 1393 soli
1096 1328 1157 1393 sibi
1175 1327 1256 1392 banc
1280 1326 1438 1406 tribuens,
1462 1350 1536 1414 pro·
1579 1382 1583 1391 .

415 1433 502 1501 fecto
525 1437 607 1500 intra
632 1452 779 1519 tempora
802 1457 877 1499 suae
903 1432 1072 1500 brevitatis
1096 1432 1227 1499 claudit.
1253 1431 1456 1498 Pensandum
1482 1454 1537 1496 ve·

416 1570 454 1613 ro
476 1565 538 1626 est,
560 1549 607 1613 vir
630 1566 758 1613 sanctus
782 1565 901 1633 quanta
924 1548 1118 1613 discretione
1144 1550 1257 1625 utitur,
1284 1565 1318 1611 ut
1356 1548 1536 1612 amicorum

416 1660 672 1747 superbientium
697 1664 877 1748 arrogantia
900 1663 1145 1747 comprimatur,
1164 1684 1236 1726 cnm
1255 1663 1402 1748 protinus
1426 1657 1538 1751 adiun-

417 1793 475 1862 git:

830 1984 982 2053 CAPUT
1019 1983 1140 2051 XXVI.

454 2173 627 2280 Superbi
655 2176 894 2282 arrogantia
921 2174 1104 2255 modeste
1133 2172 1452 2279 comprimenda.

502 2399 559 2481 Er
586 2400 687 2480 milti
712 2407 769 2482 esi
796 2426 877 2505 cor,
903 2401 1008 2481 sicud
1035 2406 1070 2481 el
1098 2399 1218 2481 robis:
1246 2425 1313 2481 trec
1359 2401 1533 2504 inferior

425 2537 547 2616 vestri
574 2561 672 2615 sum.

418 2794 446 2852 1)
481 2789 549 2843 Editi
569 2806 598 2843 ac
617 2789 682 2860 plur.
701 2791 774 2844 MSS.
793 2790 959 2845 blandiuntur
977 2790 1032 2860 ipsu
1048 2791 1167 2859 fatuitas.
1205 2788 1388 2842 Entendantur
1406 2785 1526 2840 subsidio

417 2886 492 2939 MSS.
511 2885 614 2939 Gemet.
633 2886 724 2940 Germ.
745 2888 823 2942 Colb.
842 2886 956 2941 Aliunde
974 2902 1038 2940 vero
1076 2902 1130 2956 quo
1150 2901 1228 2939 sensu
1246 2885 1302 2938 dici
1324 2897 1413 2953 potest
1421 2886 1526 2953 sartores

433 2982 481 3035 sibi
499 2982 621 3035 blandiri?
640 2984 677 3036 At
696 2996 767 3036 recte
797 2982 944 3053 opponitur
969 2980 1117 3051 sapientiae
1135 2978 1241 3033 fatuitas
1272 2981 1298 3033 in
1316 2979 1428 3032 lectione
1447 2985 1543 3048 quam

434 3075 571 3146 elegimus.
590 3076 642 3129 Sed
661 3076 717 3129 sine
736 3076 944 3145 interrogatione
963 3114 972 3139 ,
990 3092 1051 3129 cum
1070 3077 1102 3129 sit
1127 3076 1224 3129 ironic-r
1251 3074 1362 3136 locutio,
1381 3073 1450 3145 Ergo
1479 3088 1526 3142 pro

433 3179 491 3216 sane
510 3164 605 3232 posito.
624 3165 653 3216 ln
671 3164 790 3217 vaticana
808 3163 923 3217 editione
941 3163 1010 3217 Xisti
1031 3162 1062 3215 V.
1080 3163 1117 3216 sic
1136 3161 1235 3231 legitur
1255 3160 1315 3231 ipse
1333 3160 1415 3222 locus,
1434 3160 1528 3228 sibique

433 3258 462 3310 dc
479 3258 654 3328 singularitate
670 3259 804 3330 sapientiae
823 3258 994 3311 blandiuntur.
1006 3259 1063 3329 Ipsa
1077 3258 1188 3328 felicitas
1198 3262 1284 3327 pensa!
1294 3271 1400 3325 eoquat
1410 3255 1527 3308 audierit.

418 3346 447 3412 2)
482 3344 524 3397 Sic
550 3343 646 3414 legitur
666 3345 693 3397 in
710 3344 774 3398 tiss
794 3342 896 3415 Anglic.
916 3356 942 3397 et
960 3344 989 3397 in
1007 3343 1099 3396 Notrn.
1119 3342 1258 3412 plerisque.
1278 3345 1307 3395 ln
1325 3341 1428 3395 Ebroic.
1456 3353 1546 3393 tamen

435 3445 462 3486 et
499 3432 575 3485 Colb.
594 3449 608 3485 a
628 3448 651 3485 a.
671 3449 754 3486 nranu
771 3432 889 3495 habetur,
907 3447 988 3485 secum
1005 3431 1109 3484 morari.
1129 3433 1157 3483 ln
1176 3430 1255 3484 Corb.
1275 3429 1366 3484 Germ.
1384 3429 1457 3481 oriri.

420 3542 448 3596 3-
488 3528 633 3582 1.Vindoc.
651 3543 786 3599 numquam
806 3525 1321 3598 arasseattisattitulante-qnamadisse
1334 3526 1423 3578 alienis
1441 3524 1528 3577 abrrur'l

437 3626 538 3679 Bessar.
556 3625 636 3678 adesse
654 3626 712 3678 aliis
730 3626 805 3696 eupit.
