3909 5400
869 340 918 350 -—
949 296 1026 376 915
1057 342 1105 353 -

844 452 995 519 CAPUT
1018 453 1136 518 XXII.

506 613 627 695 Reoti
672 616 759 697 nou
785 617 973 699 ambiunt
1020 621 1328 729 intercessores·
1345 652 1420 729 pro
1449 624 1545 706 aliis

428 746 575 829 videri.
1090 758 1092 763 ’

506 910 562 991 Er
590 906 908 1018 deprecabuntur
936 912 1079 1016 focium
1109 918 1217 991 tuom
1241 911 1431 1018 plurimi.

442 1093 654 1275 1ςοὶξξῖεᾳικ
678 1184 764 1246 enlm
789 1182 861 1247 iusti
885 1181 943 1246 viu
969 1181 1093 1247 idcirco
1114 1202 1145 1245 se
1172 1203 1227 1266 per
1252 1182 1459 1250 innocentiae
1484 1185 1535 1248 iti-

422 1316 498 1360 nera
536 1311 621 1359 arcta
646 1291 844 1372 custodiunt,
869 1311 902 1359 ut
928 1292 965 1359 ab
991 1294 1057 1359 aliis
1080 1287 1266 1359 exorentur.
1290 1294 1353 1360 Sed
1377 1297 1444 1361 sive
1470 1296 1543 1363 Ime-

423 1411 515 1473 retici
541 1460 549 1488 ,
575 1392 631 1474 sed
656 1412 797 1494 perversi
822 1407 987 1495 quilibet,
1027 1429 1083 1494 per
1122 1409 1182 1474 hoc
1208 1409 1295 1497 quod
1329 1412 1414 1475 iuter
1440 1410 1544 1475 homi-

421 1544 478 1588 nes
502 1525 592 1610 quasi
616 1527 806 1588 iunocenter
832 1523 958 1599 vivunt,
989 1521 1090 1588 videri
1116 1500 1341 1619 intercessores
1366 1543 1424 1608 pro
1439 1500 1543 1590 Iiouii·

422 1635 514 1701 nibus
538 1635 664 1714 volunt,
688 1657 719 1701 et
746 1658 818 1700 cum
844 1653 953 1702 sancta
977 1636 1147 1723 loquentes
1173 1638 1334 1702 insInuant
1369 1635 1456 1722 quod
1481 1641 1543 1723 Ipsi
1591 1628 1596 1637 ¹

421 1734 587 1835 appetunt,
612 1750 673 1813 hoc
698 1749 764 1814 aliis
788 1770 846 1834 pro
885 1771 1004 1835 magno
1028 1749 1232 1837 pollicentur:
1273 1746 1417 1837 dumque
1443 1751 1545 1817 caele·

421 1855 479 1918 stia
519 1854 713 1939 praedicant,
752 1854 783 1917 in
816 1855 881 1918 suis
915 1875 1049 1940 repente
1085 1854 1314 1941 sponsionibus
1354 1854 1542 1934 ostendunt,

420 1967 508 2056 quod
532 1987 649 2035 amant.
673 1968 735 2034 Sed
761 1958 799 2034 oe
825 1968 878 2034 diu
904 1986 1032 2035 terrena
1056 1968 1241 2055 pollicendo
1265 1986 1431 2057 patescant
1455 1971 1542 2057 quod

420 2102 505 2163 sunt,
530 2082 568 2150 ad
614 2082 710 2169 verba
746 2083 948 2150 rectitudinis
984 2087 1076 2150 citius
1114 2101 1295 2174 recurrunt.
1332 2082 1426 2150 Unde
1467 2107 1541 2151 mox

420 2194 577 2264 subditur:

841 2386 993 2454 CAPUT
1018 2386 1138 2452 XXIII.

503 2606 617 2709 Quod
647 2607 714 2687 hio
743 2607 923 2714 aliquod·
950 2613 1230 2714 postmortem
1261 2594 1533 2691 veronullum

423 2733 476 2815 sil
504 2732 642 2837 impiis
670 2728 878 2836 effugium,
919 2757 943 2811 a
972 2730 1149 2813 miseria.

509 3086 631 3169 Oculi
656 3094 787 3169 aulem
815 3088 1029 3193 impiorum
1059 3087 1253 3193 ilostcienl,
1281 3095 1317 3170 el
1343 3087 1534 3195 effupium

416 3219 569 3326 perilli
598 3219 645 3301 ab
674 3222 741 3301 eis,
1302 3232 1304 3236 '

515 3460 533 3482 ἢ

433 3485 626 3626 ,5ιέωά
641 3538 809 3604 oculorum
829 3539 959 3605 nomine
977 3538 1032 3626 (1)
1049 3538 1095 3603 vis
1123 3539 1312 3605 intentionis
1336 3539 1557 3623 exprimitur,-

414 3747 425 3784 1
465 3734 503 3784 Iti
523 3732 637 3785 Vindoc.
667 3732 782 3803 longip.
801 3732 892 3786 Norm.
923 3731 1025 3802 Ang'nc.
1048 3745 1073 3785 ct
1105 3747 1157 3785 ver.
1177 3732 1238 3785 edit.
1264 3730 1331 3784 nuae
1363 3729 1469 3794 habent,
1499 3747 1559 3784 uem

429 3830 531 3882 intenlio
550 3830 723 3899 exprimatur:
