3909 5400
788 668 1100 786 ·-8'55-

420 885 622 950 nequaquam
660 860 774 948 dispari
813 879 979 929 tormento
1020 864 1213 929 crucientur:
1251 879 1410 949 quatenus
1444 856 1541 927 simul

424 978 587 1043 damnatio
618 995 777 1055 conterat,
802 999 883 1064 quos
906 976 1001 1042 simul
1040 976 1138 1042 elatio
1162 975 1359 1058 sublevabm3
1395 996 1540 1062 quosque

425 1112 490 1154 non
526 1089 721 1155 dissimiliter
757 1089 899 1155 dilatavit
937 1067 1083 1167 ambitio,
1107 1098 1173 1155 n'ou
1198 1087 1356 1154 dissimilis
1390 1106 1541 1174 angustet
1594 1096 1601 1107 '

420 1203 563 1285 uillicum
592 1224 622 1269 et
647 1226 702 1290 par
728 1194 848 1269 cruciet
864 1202 992 1270 flamma
1015 1203 1174 1289 supplicii,
1198 1224 1278 1290 quos
1292 1205 1324 1268 in
1349 1205 1422 1289 igne
1447 1201 1541 1267 luxu·

421 1319 476 1383 riae
502 1342 556 1404 pur
580 1318 767 1384 succcendit
791 1318 919 1406 llumme.
944 1321 1079 1403 peccati.
1104 1320 1193 1383 Sicut
1226 1321 1311 1382 enim
1342 1342 1358 1378 c
1381 1314 1414 1381 in
1439 1315 1540 1380 domo

419 1433 521 1498 Patris
546 1433 730 1505 mansiones
755 1430 874 1496 multae
899 1447 972 1495 sunt
999 1456 1015 1492 n
1042 1430 1097 1517 (r)
1137 1453 1194 1516 pro
1218 1422 1406 1496 diversitate
1439 1431 1540 1495 virtu·

422 1539 470 1618 ris,
494 1538 537 1601 sic
561 1534 729 1602 duntuatos
753 1535 882 1600 diverso
907 1534 1063 1622 supplicio
1089 1535 1263 1601 Gelteunte
1287 1533 1417 1622 ignibus
1441 1532 1540 1600 subii·

419 1650 463 1713 cit
487 1645 677 1732 disparilitas
701 1649 855 1713 crimmis,
879 1649 962 1724 Quae
981 1647 1101 1711 scilicet
1127 1646 1283 1714 Gelteuuu
1300 1649 1539 1734 quantulocun-

420 1755 478 1818 ctis
502 1775 565 1817 una
599 1755 650 1831 sit,
675 1773 741 1817 nou
765 1772 873 1818 tamen.
912 1770 1051 1817 cunctos
1083 1774 1145 1818 utta
1170 1750 1347 1840 eademque
1386 1750 1561 1851 qualitate.

418 1866 595 1930 succendit.
618 1865 700 1930 llum
731 1869 814 1931 sicut
840 1888 905 1931 utto
930 1865 997 1931 sole
1022 1888 1136 1932 omnes
1155 1869 1326 1952 tangimur,
1352 1885 1540 1932 uectamen
1632 1912 1641 1929 .

420 1970 478 2036 sub
503 1993 542 2036 eo
568 1993 633 2036 uno
658 1970 769 2037 ordine
794 1993 908 2036 omnes
931 1988 1117 2053 aestuarnus,
1142 1972 1215 2058 quia
1239 1974 1326 2037 iuxta
1350 1969 1538 2058 qualitatem

420 2086 564 2169 corporis
586 2086 722 2148 sentitur
745 2085 843 2149 etiam
868 2083 996 2177 pondus
1020 2083 1142 2150 caloris:
1168 2085 1216 2148 sic
1239 2083 1295 2170 (n)
1319 2081 1476 2148 damnatis
1506 2099 1538 2146 et

418 2211 481 2254 unu
505 2209 554 2252 est
579 2189 734 2255 Cebenna
774 2211 855 2276 quae
895 2188 1003 2268 afficit,
1029 2208 1061 2255 e:
1086 2206 1285 2255 tamennon
1321 2209 1385 2254 una
1423 2208 1538 2252 omnes

420 2300 570 2387 qualitate
596 2299 768 2366 comburit:
794 2303 867 2388 quia
892 2301 979 2399 quod
1002 2301 1054 2367 hic
1079 2304 1144 2389 agit
1167 2300 1274 2390 disput
1291 2297 1443 2367 valetudo
1467 2320 1539 2364 cor-

423 2428 550 2491 porum,
574 2404 635 2471 hoc
660 2405 724 2472 illic
747 2405 877 2473 exhibet
902 2406 1006 2494 dispar
1032 2429 1124 2474 causa
1158 2410 1363 2475 meritorum.
1388 2407 1539 2484 Quomo-

424 2519 466 2582 do
490 2541 568 2605 ergo
586 2518 700 2585 nullus
723 2523 825 2586 inesse
849 2521 930 2586 ordo
945 2521 1108 2610 suppliciis
1131 2520 1258 2599 dicitur,
1284 2523 1316 2586 in
1333 2517 1449 2608 quibus
1466 2539 1538 2606 pro·

419 2621 508 2689 fecto
533 2627 666 2713 quisque
690 2627 779 2690 iuxta
804 2624 936 2690 modum
961 2626 1073 2711 culpae
1098 2623 1273 2693 cruciatur?

491 2759 549 2805 120
575 2737 635 2805 Sed
653 2757 783 2806 sanctus
809 2742 858 2804 vit
890 2758 1059 2827 postquam
1099 2740 1246 2807 umbram
1271 2740 1384 2804 mortis
1418 2736 1537 2814 intulit,

418 2868 536 2935 quauta
560 2854 599 2915 sit
624 2852 771 2918 confusio
810 2854 841 2917 in
868 2851 1094 2917 damnatorum
1130 2869 1239 2917 mente
1263 2850 1438 2937 subiungit:
1465 2850 1538 2937 quia

417 2965 481 3049 ipsa
507 2985 635 3052 quoque
660 2965 824 3052 supplicia,
850 2987 930 3052 qute
953 2963 1101 3031 ordinata
1127 2989 1183 3052 per
1207 2966 1362 3031 iustitiam
1389 2966 1537 3042 veniunt,

418 3069 562 3134 ordinata
599 3070 711 3156 procul
736 3069 836 3135 dubio
861 3073 891 3137 in
925 3070 1022 3137 corde
1046 3073 1253 3137 morientium
1288 3092 1354 3135 non
1379 3065 1537 3138 sunt.,Ut

416 3186 502 3246 enim
530 3183 623 3268 ptulo
647 3186 793 3269 superius
817 3183 976 3264 diximus,
1002 3185 1078 3250 dum
1113 3186 1281 3250 damnatus
1305 3186 1437 3272 quisque
1461 3181 1538 3248 foris

416 3287 546 3354 flamma
563 3289 786 3368 succenditur,
817 3291 903 3354 intus
928 3293 1093 3356 caecitatis
1116 3292 1191 3375 igne
1231 3289 1416 3367 devoratur,
1440 3304 1537 3374 atque

419 3401 449 3465 in
475 3401 585 3467 dolore
611 3406 742 3488 positus,
767 3406 908 3469 exterius
943 3404 1000 3490 (3)
1024 3405 1222 3490 interiusque
1257 3401 1476 3480 confunditur,
1502 3416 1537 3464 ut

417 3539 472 3582 sun
497 3517 636 3583 deterius
675 3517 863 3583 confusione
903 3519 1075 3583 crucietur.
1100 3518 1247 3603 Repulsis
1281 3538 1360 3604 ergo
1397 3514 1479 3581 ordo
1504 3516 1537 3579 iu

417 3630 573 3718 supplicio
599 3654 663 3697 nou
689 3634 758 3698 erit:
785 3635 857 3720 quia
882 3634 912 3697 in
938 3653 1052 3698 ectum
1077 3648 1182 3698 morte
1206 3613 1346 3718 atrocius
1370 3632 1436 3716 ipsa
1461 3649 1538 3693 con·

416 3972 442 4006 1·
481 3958 570 4008 lolem.
593 3971 631 4019 tu.
652 3972 676 4008 2.

415 4070 442 4102 2·
481 4053 696 4105 (iunetllcllov.
717 4053 792 4106 etalii
810 4057 844 4107 sic
863 4055 990 4107 dunstatus
1008 4063 1030 4106 rr
1050 4071 1100 4109 uua
1118 4061 1152 4110 tsl
1170 4057 1294 4127 gehennae
1313 4072 1373 4128 quae
1392 4056 1477 4126 afficit.
1496 4058 1525 4110 lu

431 4150 529 4201 llessuc.
549 4151 685 4203 denotatus.

415 4258 440 4311 3·
480 4250 507 4299 lu
526 4241 664 4302 {tolomei
676 4249 782 4305 Gemet.
802 4264 828 4306 et
846 4250 977 4307 nonnullis
998 4251 1137 4315 omittitur,
1157 4239 1313 4322 interiuspue.
1375 4305 1388 4322 ,
