3909 5400
875 686 1113 769 -801—

419 841 463 908 tia
487 864 504 909 a
529 843 736 930 cogitatione.
760 845 882 913 Munus
916 847 1047 924 abore,
1081 862 1129 909 est
1167 844 1267 931 gloria
1302 847 1539 933 perlatorem.

418 955 540 1022 Munus
563 979 601 1022 ex
627 979 733 1039 manu,
758 977 805 1025 est
829 962 1007 1046 praemium
1032 981 1089 1047 per
1125 958 1298 1025 ditionem.
1337 962 1398 1027 Sed
1438 962 1540 1024 iustus

420 1071 553 1158 quisque
577 1069 617 1138 ab
641 1074 731 1139 omni
755 1094 888 1140 munere
912 1096 1025 1142 manus
1048 1075 1181 1140 excutit:
1218 1074 1291 1159 quia
1325 1075 1358 1139 in
1383 1096 1423 1140 eo
1449 1071 1538 1160 quod

419 1192 507 1240 recte
530 1177 606 1261 agit,
630 1198 689 1242 nec
712 1175 751 1243 ab
775 1178 917 1246 humano
941 1175 1039 1244 corde
1072 1179 1200 1243 inanem
1239 1176 1384 1263 gloriam,
1408 1200 1468 1244 nec
1495 1179 1535 1245 ab

419 1298 477 1343 ore
499 1277 638 1359 laudem,
664 1302 764 1348 neca
788 1305 885 1348 manu
908 1284 1054 1368 recipere
1079 1282 1243 1347 dationem
1281 1283 1533 1368 quaerit.'Solus

419 1411 499 1475 ergo
523 1393 554 1456 in
581 1392 641 1459 Dei
665 1416 763 1481 opere
786 1394 931 1462 fraudem
955 1417 1023 1462 non
1058 1394 1143 1473 facit,
1167 1396 1222 1481 qui
1257 1416 1332 1460 cum
1370 1394 1409 1461 ad
1433 1395 1539 1462 studia

419 1501 522 1570 bonae
547 1506 682 1570 actionis
706 1507 862 1592 invigilat,
887 1529 950 1573 nec
974 1507 1012 1574 ad
1029 1506 1203 1592 corporalis
1227 1509 1272 1573 rei
1296 1510 1444 1592 praemia,
1470 1531 1530 1575 uec

418 1614 457 1681 ad
481 1615 583 1682 laudis
605 1618 715 1698 verba,
741 1641 800 1685 nec
835 1620 873 1688 ad
912 1620 1046 1688 humani
1082 1618 1192 1686 iudicii
1226 1623 1361 1706 gratiam
1399 1622 1538 1689 anhelat.

418 1728 487 1814 lpsa
524 1731 622 1816 igitur
657 1729 741 1798 bona
777 1752 895 1813 nostra,
933 1735 1008 1822 quir
1031 1731 1210 1798 insidiantis
1244 1732 1357 1819 culpae
1391 1734 1537 1801 evadere

417 1838 559 1925 gladium
584 1863 784 1931 nequeunt,
808 1848 867 1913 uisi
891 1847 1031 1914 sollicito
1056 1845 1200 1934 quotidie
1237 1848 1353 1914 timore
1393 1851 1540 1914 munian-

419 1968 481 2032 tur,
505 1976 562 2040 per
584 1976 732 2024 sanctum
757 1961 863 2025 vitum
888 1981 975 2026 nunc
999 1978 1086 2025 recte
1125 1955 1252 2024 dicitur:
1294 1985 1311 2020 e
1335 1958 1479 2026 Verebar
1503 1984 1538 2025 o-

419 2071 505 2133 mniu
529 2091 627 2156 opera
664 2095 789 2138 mea.»
823 2078 871 2140 Ac
908 2075 933 2138 si
968 2071 1084 2139 humili
1123 2070 1325 2137 consessione
1364 2073 1537 2141 diceretur:

417 2170 512 2249 Quae
536 2192 645 2260 aperte
670 2177 804 2262 egerim,
828 2175 935 2243 video:
959 2174 1015 2242 sed
1039 2174 1118 2264 quid
1141 2177 1174 2240 in
1199 2175 1247 2241 his
1268 2175 1404 2242 latenter
1428 2197 1538 2263 pertu-

418 2275 522 2357 lerim,
558 2281 684 2366 ignoro.
719 2283 820 2369 Saepe
852 2286 939 2348 enirn
963 2281 1049 2347 bona
1083 2299 1195 2348 nostra
1233 2280 1440 2348 latrocinanti
1479 2283 1536 2371 (r)

417 2389 527 2459 fraude
552 2394 741 2481 depereunt,
755 2398 827 2484 quir
843 2398 941 2463 rectis
966 2396 1083 2462 nostris
1105 2417 1138 2462 se
1163 2392 1288 2462 actibus
1304 2398 1539 2482 concupiscen-

419 2506 481 2572 tiae
505 2523 651 2576 terrense
675 2509 885 2598 subiungunt.

483 2622 522 2708 65
547 2624 648 2711 Saepe
672 2622 794 2692 desidia
833 2626 1070 2691 interveniente
1102 2621 1266 2688 deficiunt:
1291 2622 1364 2707 quia
1388 2644 1405 2686 a
1428 2621 1537 2686 fervo·

416 2754 450 2797 re
475 2755 540 2819 quo
564 2755 679 2823 coepta
702 2758 790 2816 sunt,
815 2736 1006 2824 frigescente
1043 2757 1153 2802 amore
1177 2735 1233 2821 (z)
1258 2733 1425 2801 tabefiunt.
1450 2738 1537 2812 Quia

416 2865 495 2931 ergo
518 2848 630 2934 culpae
658 2850 824 2936 subreptio
851 2849 901 2915 vel
926 2850 957 2914 in
983 2850 1052 2934 ipso
1092 2849 1220 2914 virtutis
1243 2865 1317 2913 actu
1344 2849 1395 2912 vix
1436 2850 1536 2913 vinci-

416 2966 478 3029 tur,
504 2952 580 3037 quid
603 2952 642 3019 ad
676 2957 881 3021 securitatem
905 2971 1061 3039 superest,
1084 2952 1143 3017 nisi
1169 2967 1203 3016 ut
1237 2948 1378 3017 studiose
1403 2973 1531 3038 semper

414 3070 448 3117 et
473 3054 505 3118 in
532 3058 651 3121 virtute
676 3056 842 3124 timeatur?

482 3172 523 3235 66
550 3170 613 3235 Sed
636 3187 709 3257 post
749 3171 826 3237 lraec
850 3168 942 3236 valde
977 3166 1203 3256 scrupulosum
1226 3165 1318 3234 cordi
1340 3189 1372 3233 se
1410 3166 1536 3247 obiicit,

415 3303 482 3369 quo
505 3281 678 3369 subiungit:
706 3285 857 3350 «Sciens
886 3282 974 3370 quod
997 3303 1063 3347 non
1088 3302 1234 3367 parceres
1280 3280 1489 3368 delinquenti.
1516 3307 1532 3343 s

414 3398 448 3463 Si
472 3398 559 3462 enim
597 3395 800 3484 delinquenti
822 3418 888 3462 non
924 3396 1076 3481 parcitur,
1100 3395 1171 3483 quis
1194 3391 1233 3459 ab
1256 3410 1386 3461 aeterna
1423 3413 1531 3459 morte

414 3512 558 3596 eripitur,
583 3532 658 3576 curn
681 3534 698 3577 a
722 3508 841 3577 delicto
864 3508 1006 3577 muudus
1024 3529 1130 3575 ,uerno
1153 3506 1325 3594 reperitur?
1346 3514 1398 3574 An
1423 3510 1536 3592 poeni·

416 3617 499 3680 tenti
523 3619 635 3700 parcit,
667 3632 700 3680 et
725 3614 924 3703 delinquenti
962 3635 1030 3681 uon
1054 3613 1172 3699 parcit?
1194 3614 1281 3690 Quia
1320 3633 1394 3677 cunr
1418 3610 1536 3679 delicta

415 3719 608 3807 plangimus,
640 3743 843 3807 nequaquem
879 3720 942 3785 iam
967 3716 1192 3804 delinquentes
1214 3737 1335 3783 sumus.
1360 3714 1421 3782 Sed
1447 3716 1536 3802 quid,

417 3834 506 3921 quod
530 3836 643 3901 Petrus
668 3855 742 3899 cum
767 3850 862 3919 negat
889 3832 1068 3918 respicitur,
1104 3848 1137 3896 et
1161 3828 1390 3917 Redemptoris
1424 3830 1533 3915 negati

415 4097 918 4200 ii'''''iiiiii'iiiiiiiiiii''iiiiiua
936 4129 1000 4184 sona
1018 4143 1067 4184 ee.

412 4221 441 4285 u)
477 4219 576 4271 Bessar.
597 4218 718 4287 tepefiunt,
737 4216 816 4287 longe
836 4215 938 4271 melius.
