3909 5400
937 630 1094 711 -ooa
1129 676 1174 747 7-

492 781 574 850 hnnc
600 784 719 863 vivere,
746 804 825 872 quae
849 805 881 850 se
906 783 946 851 ad
971 787 1071 852 vitam
1097 784 1148 850 vel
1173 808 1229 873 per
1247 784 1371 853 labores
1387 786 1520 875 ambigit
1546 811 1615 876 per·

494 891 614 954 venire.
641 889 735 955 Unde
761 909 794 955 et
818 886 1054 976 subsequenter
1078 876 1275 977 adiungitur:

912 1125 1063 1194 CAPUT
1086 1126 1224 1194 XXXV.

576 1339 691 1443 Quod
718 1342 852 1423 saneti
880 1343 961 1423 viri
1002 1344 1061 1425 ita
1088 1344 1237 1426 incerti
1283 1355 1395 1449 sunt,
1438 1353 1484 1427 ut
1514 1373 1609 1429 eon·

497 1471 639 1579 fidant,
681 1475 739 1555 ita
780 1471 994 1557 confidunt
1035 1483 1080 1556 ut
1123 1485 1263 1557 tamen
1290 1503 1344 1556 ex
1386 1478 1610 1560 securitate

495 1632 578 1686 non
608 1615 816 1711 torpeant.
930 1688 933 1693 .

575 1839 623 1922 Si
649 1847 778 1924 notem
820 1850 855 1923 et
882 1845 937 1924 sie
964 1845 1113 1950 impius
1153 1870 1254 1948 sitm,
1283 1845 1407 1950 quare
1448 1845 1612 1950 frustra

501 1971 694 2054 laborati.

514 2241 621 2406 opst
645 2320 732 2386 enim
757 2337 881 2387 remota
906 2320 1023 2406 pietate
1037 2318 1237 2400 discutimur,
1255 2337 1337 2407 opus
1358 2337 1503 2385 nostrum
1521 2341 1619 2406 poena

490 2431 625 2520 dignum
649 2450 707 2512 est,
732 2432 818 2520 quod
842 2434 1040 2499 remunerari
1063 2434 1205 2520 praemiis
1227 2432 1464 2519 praestolamur.
1479 2432 1535 2498 Vir
1560 2434 1617 2519 igi-

491 2555 545 2604 tur
567 2556 694 2605 sanctus
717 2537 776 2604 sub
799 2537 931 2604 occulto
955 2537 1075 2604 iudicio
1100 2536 1272 2624 trepidans,
1297 2538 1389 2604 dicit:
1410 2563 1426 2599 «
1451 2537 1484 2604 Si
1508 2557 1619 2605 autem

491 2669 523 2718 et
547 2654 592 2719 sic
616 2653 736 2739 impius
749 2673 830 2731 sum,
850 2671 946 2739 quure
958 2649 1076 2718 frustra
1089 2649 1248 2718 laboravi?
1262 2652 1339 2739 »(1)
1352 2652 1426 2718 Non
1444 2673 1509 2737 quo
1523 2649 1612 2715 hunc

489 2759 647 2827 laborasse
684 2764 855 2845 poenitet;
891 2757 947 2824 sed
972 2781 1038 2847 quo
1073 2761 1214 2823 incertus
1249 2779 1315 2822 esse
1357 2756 1396 2821 de
1421 2758 1560 2841 praemisi
1586 2773 1618 2820 et

490 2873 575 2939 inter
598 2871 724 2939 labores
745 2872 843 2939 dolet.
868 2872 1045 2938 Sciendum
1069 2892 1148 2937 vero
1173 2887 1231 2951 est,
1255 2870 1342 2958 quod
1368 2872 1426 2937 viti
1451 2870 1553 2937 sancti
1576 2872 1618 2935 ita

490 2985 605 3050 incerti
628 3002 714 3064 sunt,
738 3001 773 3049 ut
790 2983 966 3067 confidaut;
979 3002 1074 3072 atque
1098 2986 1141 3051 ita
1176 2985 1355 3065 confidunt,
1387 3003 1423 3049 ut
1446 3003 1556 3051 tamen
1579 3007 1620 3052 ea

489 3098 661 3164 securitate
676 3119 742 3163 non
759 3114 920 3183 torpeant.
945 3099 1032 3176 Quia
1055 3120 1134 3186 ergo
1159 3097 1350 3186 plerumque
1374 3120 1477 3178 mem,
1503 3099 1559 3185 (2)
1584 3117 1617 3163 et

490 3212 634 3296 impensa
658 3212 753 3275 rectis
777 3210 901 3277 actibus
924 3210 1074 3298 trepidat,
1100 3228 1208 3290 restat,
1233 3230 1269 3277 ut
1294 3232 1464 3299 postquam
1492 3210 1613 3277 bonum

489 3345 571 3412 opus
594 3326 708 3411 agitur,
732 3324 882 3411 lacrymae
897 3325 1194 3412 (3)deprecationis
1219 3328 1440 3414 exquirantur,
1464 3344 1621 3413 quatenus

480 3536 930 3551 ..nummu-vnnwwmnmummmns
935 3539 986 3550 eun·

486 3599 515 3661 ι)
533 3595 577 3649 Sic
595 3596 762 3649 restituimus
782 3613 813 3650 cx
831 3596 905 3650 MSS.
923 3596 1025 3652 Toron.
1045 3598 1148 3653 Gemet.
1181 3597 1289 3667 aliisque
1309 3598 1434 3651 Normau.
1454 3615 1514 3650 curu
1533 3598 1609 3670 prius

505 3683 645 3752 legeretur,
666 3701 714 3736 non
733 3684 797 3754 quod
817 3685 882 3738 tunc
901 3684 1023 3739 laborasse
1040 3687 1153 3757 poenitet:
1167 3686 1207 3738 sed
1225 3686 1289 3755 quod
1304 3688 1411 3740 incertus
1424 3692 1484 3738 esset
1501 3685 1529 3738 de
1545 3697 1611 3757 prae-

503 3781 569 3842 miis,
592 3788 614 3831 rt
633 3782 697 3832 inter
716 3782 810 3835 labores
828 3781 901 3834 dolat.

485 3877 513 3944 2]
551 3876 653 3929 Turon.
672 3883 693 3927 el
712 3878 778 3929 inter
795 3878 894 3947 pictatis
914 3883 982 3929 actus
1002 3877 1116 3948 trepidat.

486 3979 514 4038 ς)
556 3975 583 4023 ln
602 3972 733 4042 Vulgatis,
753 3974 906 4043 expiationis.
926 3974 1032 4026 Rectius
1050 3973 1124 4027 MSS.
1139 3973 1229 4026 Germ.
1248 3971 1361 4041 Longip.
1382 3970 1474 4025 Nurm.
1493 3970 1607 4042 deprech

504 4069 585 4126 riom's,
604 4084 634 4119 cx
655 4085 706 4136 quo
727 4082 847 4140 corrupte
868 4069 895 4121 in
915 4067 995 4122 Corb.
1015 4069 1105 4123 Germ.
1135 4068 1324 4140 desperationis.
1343 4068 1400 4121 lloc
1420 4067 1500 4121 habet
1521 4066 1603 4121 ctiam

503 4154 562 4207 cod.
584 4156 688 4207 Bessar.
