3909 5400
966 675 1000 684 -
1040 631 1116 711 845
1152 677 1195 686 -

520 790 558 855 Et
584 786 619 853 fit
644 786 846 874 plerumque,
871 805 903 851 ut
930 807 1004 851 cum
1045 786 1157 853 alienae
1182 792 1264 854 vitae
1286 787 1375 854 bona
1411 789 1639 874 conspicimus,

520 920 637 965 nostra
661 899 829 965 sollicitius
855 900 969 966 damna
1009 902 1189 966 timeamus:
1214 919 1246 966 et
1270 924 1309 965 eo
1344 920 1485 986 patescat
1511 922 1639 987 quantae

519 1035 593 1102 post
617 1014 758 1101 pondere
784 1013 1071 1081 animadversionis
1109 1014 1165 1111 (ι)
1188 1015 1385 1101 impetimur,
1425 1036 1489 1100 quo
1514 1035 1598 1078 nunc
1624 1037 1640 1080 a

522 1129 681 1195 bonorum
707 1127 850 1194 motibus
873 1127 968 1214 longe
994 1126 1224 1215 discrepamus.

590 1263 664 1325 109.
689 1242 783 1309 Unde
808 1261 840 1308 et
865 1243 999 1309 testium
1022 1243 1255 1311 instauratione
1279 1259 1467 1320 memorata,
1494 1244 1641 1326 protinus

522 1377 593 1446 apte
632 1358 889 1445 subiungitur:«
929 1359 969 1424 Et
995 1357 1187 1443 multiplicas
1222 1358 1300 1423 itam
1340 1373 1480 1421 tuam.»
1515 1354 1570 1442 (2)
1594 1356 1641 1421 Eo

522 1472 614 1550 nobis
640 1470 842 1557 multiplicari
866 1473 911 1536 ira
936 1471 996 1536 Dei
1021 1469 1148 1548 dicitur,
1173 1492 1238 1556 quo
1262 1491 1330 1534 esse
1357 1467 1526 1554 multiplex
1566 1467 1643 1532 indi·

522 1607 621 1652 catur:
649 1587 720 1673 quia
745 1609 783 1651 ex
808 1587 873 1672 ipsa
897 1606 984 1650 nunc
1009 1583 1169 1650 bonorum
1195 1587 1260 1648 vita
1283 1602 1319 1647 et
1343 1581 1449 1648 labore
1476 1584 1643 1668 cognosci·

523 1723 604 1778 ntus,
630 1702 654 1764 si
678 1698 841 1765 emendari
879 1697 956 1763 dum
997 1717 1125 1784 tempus
1149 1713 1206 1775 est,
1243 1695 1406 1771 uolumus,
1431 1714 1547 1782 quanta
1572 1714 1642 1781 post

524 1812 799 1879 animadversione
839 1812 999 1877 feriamur.
1039 1812 1169 1876 Electus
1193 1811 1310 1897 quippe
1343 1808 1403 1873 Dei
1427 1811 1588 1873 cernimus
1611 1827 1643 1872 et

525 1931 574 2013 pia
599 1950 702 2012 agere,
726 1945 757 1990 et
783 1923 922 1990 crudelia
946 1923 1047 1989 multa
1072 1924 1218 1989 tolerare.
1259 1924 1344 1988 Hinc
1368 1945 1446 2008 ergo
1472 1923 1643 2007 colligitur,

525 2041 687 2104 districtus
711 2038 805 2103 iudex
830 2056 948 2124 quanta
971 2036 1034 2102 illic
1049 2034 1138 2101 feriat
1163 2035 1363 2101 districtione
1389 2034 1643 2123 quosreprobat,

526 2157 550 2218 si
577 2153 627 2218 liic
662 2155 705 2216 sic
747 2152 867 2217 cruciat
912 2172 993 2237 quos
1030 2167 1124 2216 amat:
1169 2149 1267 2214 Petro
1302 2165 1471 2213 attestante
1513 2149 1566 2234 qui
1591 2148 1643 2213 ait:

530 2293 545 2329 a
572 2266 718 2353 Tempus
742 2285 800 2345 est,
836 2284 870 2330 ut
895 2262 1049 2330 iudicium
1074 2264 1204 2349 incipiat
1229 2260 1382 2327 dedomo
1407 2262 1476 2327 Dei:
1489 2263 1513 2327 si
1537 2279 1646 2327 autem

527 2383 669 2466 primunt
693 2404 710 2446 a
735 2379 838 2459 nobis,
864 2381 934 2467 quis
958 2378 1029 2445 finis
1052 2401 1167 2445 eorum
1192 2381 1245 2464 qui
1270 2401 1335 2444 non
1363 2377 1498 2443 credunt
1522 2379 1583 2443 Dei
1607 2379 1646 2445 E·

527 2496 692 2583 vangelio?
717 2523 732 2558 n
760 2496 814 2583 (3)
850 2495 1072 2580 Omnipotens
1107 2496 1203 2579 igitur
1228 2494 1315 2560 Deus
1350 2516 1424 2560 cum
1450 2480 1562 2560 contra
1586 2516 1646 2559 nos

528 2627 625 2674 testes
649 2611 812 2688 instaurat,
836 2612 915 2675 iram
941 2609 1141 2695 multiplicat:
1167 2611 1239 2694 quia
1264 2632 1329 2695 quo
1358 2609 1518 2674 bonorum
1546 2611 1644 2674 vitam

528 2725 644 2790 nostris
668 2725 770 2790 oculis
787 2724 909 2803 obiicit,
935 2746 975 2789 eo
1002 2726 1167 2809 pravitatis
1186 2743 1375 2809 perpetrate
1399 2711 1560 2801 duritiam,
1585 2747 1646 2809 qua

529 2828 728 2894 districtione
754 2833 784 2893 in
810 2830 930 2894 iudicio
967 2831 1137 2913 percutiat,
1161 2827 1313 2893 ostendit.
1352 2828 1433 2893 Natat
1470 2848 1543 2891 cum
1571 2828 1646 2893 solis

528 2955 560 2996 se
586 2932 796 3019 sequentibus
822 2933 906 2999 dona
929 2951 1111 3017 exaggerat,
1135 2951 1301 3017 torpentes
1325 2933 1385 2997 iam
1419 2934 1490 3018 quia
1515 2931 1647 3019 telique·

531 3047 583 3122 rit,
608 3044 819 3112 demonstrat.
845 3049 930 3112 Cum
970 3044 1053 3110 berta
1078 3066 1156 3131 ergo
1193 3046 1224 3109 in
1248 3044 1315 3111 aliis
1354 3048 1525 3123 cernimus,
1556 3046 1646 3112 valde

530 3180 660 3223 necesse
685 3177 742 3239 est,
768 3178 802 3222 ut
827 3177 858 3223 et
882 3157 1115 3224 exultationem
1140 3177 1259 3222 nosttae
1285 3155 1458 3237 soraniditti,
1483 3177 1515 3224 et
1541 3161 1648 3225 lorini·

529 3270 639 3335 dinem
664 3290 783 3336 nostrae
807 3269 999 3335 exultationi
1014 3274 1212 3337 misceamus:
1238 3289 1395 3357 qnatenus
1419 3291 1450 3335 et
1475 3273 1513 3336 de
1539 3271 1647 3338 alienis

529 3385 726 3473 profectibus
752 3386 886 3452 charitas
911 3386 1058 3471 gaudeat,
1082 3404 1115 3450 et
1145 3385 1184 3450 de
1208 3388 1272 3449 suis
1296 3384 1535 3451 infirmitatibus
1570 3407 1647 3451 con-

529 3502 660 3565 scientia
683 3501 922 3564 contremiscat.
948 3496 1010 3565 Sed
1034 3518 1109 3561 cum
1134 3496 1276 3563 fraterno
1301 3495 1448 3583 prolecto
1473 3496 1646 3577 reficimur,

532 3634 605 3677 cum
631 3612 867 3678 districtionem
896 3633 991 3701 super
1016 3633 1074 3678 nos
1099 3613 1215 3677 interni
1241 3610 1354 3677 iudicis
1379 3633 1417 3676 eat
1442 3614 1513 3698 ipso
1537 3633 1647 3677 nostro

531 3749 663 3815 torpore
690 3750 870 3815 pensamus,
895 3727 971 3815 quid
996 3744 1093 3792 restat
1117 3728 1176 3791 nisi
1200 3776 1209 3806 ,
1234 3743 1268 3789 ut
1292 3724 1330 3790 ad
1355 3724 1591 3791 discutiendum
1616 3748 1647 3791 se

530 3958 557 4062 i)
595 3998 706 4048 Vindoc.
727 3997 815 4048 Gema.
829 3994 912 4062 Cotti.
933 3995 1012 4048 Cotb.
1032 3993 1121 4047 Germ.
1142 4009 1156 4044 a
1179 4007 1199 4043 t.
1220 4008 1236 4042 u
1249 4006 1307 4051 atu,
1328 3989 1482 4059 irnpninnr.

527 4097 555 4163 2]
594 4092 710 4146 Consule
728 4092 805 4144 Pater
825 4092 855 4150 in
874 4107 895 4144 1.

527 4184 554 4251 ι]
596 4182 798 4245 1.Pet.4.17.
