3909 5400
874 696 1111 776 -875·-

433 848 651 916 sollicitudine
678 851 788 916 caritas
805 848 842 918 ad
869 871 983 919 cuncta
1001 855 1159 919 virtutum
1177 853 1258 923 facta
1272 851 1432 920 dilatatur.
1458 856 1550 933 Quae

432 945 598 1020 aduobus
637 954 768 1042 quidem
808 959 977 1042 praeceptis
1014 958 1136 1044 incipit,
1171 956 1225 1023 sed
1250 979 1282 1022 se
1306 958 1344 1024 ad
1380 959 1551 1024 innumera

431 1066 586 1151 extendit.
613 1070 714 1135 Huius
739 1092 876 1157 namque
916 1070 995 1157 legis
1009 1072 1145 1136 'initium
1177 1069 1308 1137 dilectIo
1333 1072 1393 1137 Dei
1429 1089 1487 1150 est,
1513 1092 1549 1137 ac

432 1181 562 1248 dilectio
596 1185 746 1271 proximi.
785 1183 848 1251 Sed
884 1184 946 1250 Dei
984 1182 1113 1250 dilectio
1151 1207 1208 1272 per
1231 1187 1293 1250 tria
1331 1183 1548 1271 distinguitur:

431 1298 503 1381 quia
538 1318 577 1361 ex
617 1314 689 1362 toto
728 1296 857 1377 corde,
896 1313 928 1364 et
954 1319 1009 1385 'ex
1043 1315 1111 1365 tota
1147 1300 1202 1385 (r)
1227 1286 1424 1365 'fortitudine
1461 1292 1549 1384 diligi

429 1406 576 1474 conditor
609 1409 748 1475 iubetur.
784 1412 859 1489 Qua
895 1411 925 1477 in
961 1433 995 1476 re
1035 1411 1214 1478 notandum
1249 1429 1309 1491 est,
1346 1411 1435 1498 quod
1460 1410 1545 1476 divi·
1631 1394 1634 1399 ¹

427 1542 488 1585 nus
524 1544 631 1588 sermo
665 1544 739 1589 cum
781 1526 890 1590 Deum
915 1524 1007 1612 diligi
1039 1528 1212 1612 precipit,
1239 1548 1304 1591 non
1343 1525 1449 1592 solum
1474 1549 1547 1593 nar·

427 1656 475 1704 rat
499 1661 538 1703 ex
563 1639 718 1724 qu0,·sed
744 1645 839 1705 etiarn
879 1639 1055 1706 informant
1080 1661 1118 1706 ex
1143 1658 1276 1726 quanto,
1317 1661 1390 1704 cum
1415 1637 1549 1705 subiun-

426 1751 483 1834 git,
507 1750 561 1836 (2)
585 1773 623 1815 ex
646 1763 712 1817 toto:
739 1771 776 1823 ut
796 1751 949 1818 videlicet
987 1754 1042 1838 qui
1071 1751 1212 1839 perfecte
1238 1753 1309 1819 Deo
1343 1754 1467 1838 placere
1492 1751 1547 1818 de-

427 1861 544 1929 siderat
572 1914 580 1942 ,
603 1863 664 1930 sibi
689 1862 727 1930 de
751 1885 783 1930 se
809 1864 888 1931 nihil
912 1864 1080 1953 relinquat.
1106 1867 1247 1932 Proximi
1271 1887 1379 1933 autem
1418 1866 1547 1932 dilectio

425 1975 463 2041 ad
488 1974 553 2042 duo
578 1996 737 2063 precepta
761 1976 936 2055 derivatur,
962 1999 1037 2044 cum
1072 1997 1104 2073 et
1130 2000 1185 2062 per
1211 1977 1385 2064 quemdam
1425 1979 1544 2044 iustum

425 2089 551 2155 dicitur:
588 2089 729 2166 «Quod
768 2088 806 2155 ab
831 2089 892 2155 alio
916 2089 975 2154 tibi
1010 2087 1080 2155 odis
1114 2087 1194 2167 fieri,
1220 2089 1292 2155 vide
1331 2111 1370 2155 ne
1396 2108 1430 2154 tu
1455 2090 1545 2156 alteri

422 2200 528 2267 iacias.
553 2228 567 2263 n
594 2202 648 2289 (3)
673 2203 713 2269 Et
736 2224 792 2288 per
804 2203 1008 2287 semetipsam
1034 2202 1159 2268 Veritas
1182 2200 1272 2267 dicit:
1287 2227 1303 2263 «
1329 2204 1422 2279 Quae
1448 2202 1546 2269 vultis

424 2333 460 2378 ut
484 2313 599 2380 saciant
625 2313 716 2380 vobis
733 2315 890 2394 homines,
913 2315 968 2403 (4)
992 2332 1025 2380 et
1050 2337 1108 2380 vos
1132 2313 1315 2387 faciterillis.
1341 2341 1357 2376 x
1383 2315 1438 2403 (5)
1462 2317 1543 2393 Qui-

425 2425 483 2493 bus
507 2426 633 2494 duobus
657 2429 777 2495 scilicet
802 2430 968 2516 utriusque
993 2427 1198 2495 Testamenti
1235 2428 1403 2507 mandatis,
1429 2451 1484 2514 per
1510 2451 1544 2491 u-

423 2552 504 2595 num
527 2530 645 2598 malitia
669 2534 895 2618 compescitur,
919 2554 974 2618 per
998 2529 1084 2597 aliud
1109 2529 1290 2618 benignitas
1330 2551 1540 2618 praerogatur,

423 2653 458 2698 ut
483 2635 603 2704 malurn
628 2637 715 2724 quod
740 2641 803 2724 pati
830 2658 895 2703 non
923 2635 1001 2714 vult,
1033 2637 1170 2725 quisque
1196 2659 1261 2702 uon
1286 2635 1413 2715 faciens,
1439 2659 1540 2703 cesset

422 2771 439 2814 a
463 2749 603 2815 nocendi
625 2772 733 2835 opere3
757 2768 789 2814 et
814 2771 939 2816 rursum
965 2747 1086 2814 bonum
1113 2748 1200 2835 quod
1224 2746 1282 2812 Sibi
1307 2745 1377 2813 fieri
1416 2754 1539 2833 appetit

422 2854 622 2939 impendens,
646 2876 720 2939 erga
745 2851 914 2943 utilitatem
939 2874 971 2916 se
997 2856 1135 2938 proximi
1160 2869 1308 2916 exerceat
1331 2873 1370 2915 ex
1396 2850 1542 2938 benigni-

422 2975 497 3024 tate.
522 2958 584 3024 Sed
609 2957 686 3023 baec
710 2959 862 3044 nimiruum
887 2955 952 3022 duo
976 2954 1054 3021 dum
1078 2955 1215 3022 sollicita
1245 2958 1426 3021 intentione
1453 2961 1540 3043 cogi-

421 3081 539 3142 tantur,
570 3083 625 3127 cor
653 3059 691 3128 ad
730 3064 898 3126 innumera
925 3062 1080 3126 virtutum
1117 3061 1293 3127 ministeria
1318 3059 1473 3126 tenditur:
1500 3085 1539 3126 ne

420 3176 473 3241 vel
494 3177 533 3243 ad
558 3175 721 3242 inlerenda
744 3196 826 3262 quae
850 3195 916 3240 non
940 3173 1047 3252 debet,
1072 3173 1236 3239 desideriis
1273 3177 1420 3259 inquieta
1445 3197 1538 3239 mens

420 3280 552 3364 ferveam
577 3281 627 3347 vel
651 3304 725 3367 erga
748 3280 927 3347 exhibenda
960 3301 1041 3367 quae
1067 3278 1174 3358 debet,
1199 3282 1268 3345 otio
1309 3278 1448 3345 resoluta
1473 3299 1538 3344 tor-

419 3407 537 3472 pescat.
561 3386 643 3452 Num
667 3407 741 3449 curu
767 3402 861 3450 cavet
884 3384 973 3451 alteri
998 3383 1113 3463 lacere,
1138 3384 1225 3471 quod
1250 3405 1452 3471 nequaquam
1470 3383 1537 3448 uult

419 3492 458 3555 ab
481 3489 581 3556 altero
607 3493 673 3575 ipsa
697 3496 843 3566 tolerare,
882 3488 1020 3555 sollicita
1044 3510 1075 3554 se
1102 3491 1287 3566 intentione,
1308 3489 1538 3572 circumspicit,

412 3841 448 3905 a)
479 3839 577 3890 Bessar.
597 3855 627 3889 cx
647 3845 695 3890 tola
712 3840 879 3907 fortitudine.
898 3839 960 3891 Mox
980 3840 1014 3890 iter
1034 3844 1127 3890 cleos.

480 3933 548 3984 Tob.
588 3972 594 3984 .
632 3931 655 3984 6.

411 3937 443 4083 ii
477 3946 591 4072 Vindoi.
613 3948 716 4073 liemet.
737 4018 816 4073 Corb.
837 4020 925 4074 Gemi.
948 4022 985 4076 llo
1005 4026 1027 4071 et
1046 4034 1089 4071 rus
1105 4019 1186 4087 jacin·
1205 4018 1264 4070 illis.
1301 4016 1388 4086 Bigot.
1408 4016 1467 4085 Lyr.
1486 4017 1523 4070 U·

428 4108 472 4159 tie.
491 4124 519 4158 ea
538 4115 559 4158 el
579 4122 622 4157 aus
638 4108 718 4175 jacite
738 4107 798 4159 iilis.
1026 4165 1031 4174 ι
1212 4121 1219 4134 ·

411 4201 439 4263 5)
476 4194 672 4259 ldutrli.7.12.
