3909 5400
859 636 1112 720 -utt--

409 796 563 864 uentibus
587 795 755 876 habentur,
780 795 968 877 ostendant;
981 814 1014 862 et
1031 797 1120 882 quusi
1144 794 1294 862 foventes
1319 818 1470 883 prospera
1495 816 1546 862 ex·

415 919 543 989 petunt,
568 921 603 967 ut
635 901 767 990 benigni
802 900 984 968 videantur.
1023 898 1120 968 Unde
1156 919 1189 966 et
1221 899 1353 988 'Sophar
1393 902 1544 987 protinus

409 1012 556 1095 subiicit,
580 1012 701 1081 dicens:

869 1241 1020 1309 CAPUT
1043 1241 1083 1308 V.

528 1474 703 1557 Homini
731 1475 896 1583 quando
924 1475 1038 1557 Deus
1069 1474 1278 1581 loquatur,
1306 1473 1472 1582 quando
1504 1472 1537 1553 i·

425 1633 497 1713 pse
527 1607 619 1690 sibi.

501 1849 637 1958 Atque
665 1852 822 1934 utinum
850 1850 959 1933 Deus
990 1852 1223 1958 loqueretur
1250 1857 1389 1955 tecum,
1416 1857 1453 1933 et
1497 1879 1541 1932 u·

421 1984 572 2088 periret
603 1981 712 2064 lubin
738 1978 921 2064 suetidi!

441 2326 459 2389 6
484 2242 600 2411 {lpse
624 2325 742 2412 quippe
766 2322 825 2389 sibi
850 2322 949 2389 homo
972 2321 1128 2411 loquitur,
1153 2340 1228 2388 cum
1259 2319 1415 2407 perlue,
1454 2320 1546 2409 quod

417 2429 525 2508 sentit,
549 2450 754 2517 nequaqnam
789 2426 966 2495 divinitatis
990 2430 1105 2514 spiritu
1145 2424 1325 2493 acarnalis
1364 2424 1549 2513 prudentiae

418 2532 587 2599 intellectu
612 2552 786 2621 separatur:
814 2553 888 2598 cum
914 2553 988 2599 caro
1016 2554 1150 2599 sensum
1186 2535 1304 2610 exerit,
1330 2548 1361 2597 et
1402 2548 1552 2598 mentem

417 2640 507 2728 quasi
541 2638 579 2706 td
618 2639 863 2728 intelligentiam
902 2658 1095 2728 provocans,
1132 2636 1216 2704 forts
1251 2638 1363 2702 mittit.
1389 2635 1485 2703 Unde
1517 2651 1551 2700 et

415 2753 520 2820 adhuc
545 2756 641 2821 Petro
658 2774 785 2822 terrena
809 2755 948 2839 sapienti
965 2754 1084 2818 veritas
1110 2751 1200 2816 dicit:
1228 2774 1244 2811 e
1268 2749 1344 2817 Non
1357 2751 1443 2814 enim
1467 2750 1549 2836 sapis

417 2889 490 2953 quae
524 2867 585 2934 Dei
609 2885 695 2949 sunt,
721 2867 777 2934 sed
801 2888 874 2953 quae
899 2866 1081 2931 hominum.
1107 2888 1123 2925 u
1150 2864 1205 2950 (1)
1229 2863 1291 2930 Cui
1315 2879 1422 2929 tamen
1463 2879 1549 2927 recta

417 2978 586 3046 confitenti
612 2980 740 3047 dicitur:
767 3005 784 3042 «
809 2980 895 3048 Caro
919 2996 951 3045 et
974 2978 1105 3063 sanguis
1128 2998 1195 3043 non
1219 2975 1376 3043 revelavit
1400 2975 1469 3055 tibi,
1493 2972 1549 3040 sed

417 3103 506 3170 pater
530 3106 621 3150 meus
656 3086 767 3172 quiin
793 3082 1005 3150 caelisest.»
1031 3081 1087 3169 (2)
1120 3080 1210 3161 Quid
1234 3098 1344 3148 autem
1369 3081 1428 3145 Dei
1453 3078 1545 3159 labia,

418 3197 477 3263 nisi
501 3195 618 3264 iudicia
642 3200 711 3264 eius
734 3198 930 3286 accipimus?
950 3195 1077 3265 Cleusis
1100 3218 1240 3284 namque
1271 3194 1362 3263 labiis
1385 3217 1452 3261 vox
1475 3216 1548 3281 pre·

417 3314 528 3392 mitur,
552 3330 584 3377 et
622 3334 732 3379 sensus
765 3314 903 3380 tacentis
939 3313 1118 3397 ignoratut;
1143 3311 1264 3397 apertis
1286 3327 1406 3389 autent,
1443 3330 1551 3376 sermo

417 3415 495 3481 dum
520 3419 688 3501 promitur,
713 3418 837 3484 animus
861 3414 1023 3503 loquentis
1047 3414 1103 3502 (3)
1127 3415 1303 3481 invenitur.
1319 3412 1418 3481 Labia
1441 3413 1550 3500 itaque

415 3543 471 3588 sua
496 3523 583 3587 Deus
607 3524 719 3608 aperit,
737 3542 812 3588 cunt
838 3516 1045 3587 voluntatem
1068 3540 1159 3586 suam
1184 3516 1371 3586 hominibus
1385 3539 1442 3605 per
1465 3538 1552 3604 aper·

418 3653 449 3701 ta
473 3634 591 3703 iudicia
625 3634 777 3702 ostendit.
817 3635 919 3715 Quasi
943 3635 1030 3703 enim
1055 3651 1197 3702 reserato
1219 3654 1276 3701 ore
1299 3631 1453 3721 loquitur,
1478 3651 1553 3697 cum

395 3880 780 3895 noenu-vunonem„—

414 3926 443 3985 1)
480 3923 559 3975 Marc.
578 3923 603 3975 8.
624 3936 669 3990 33.

413 4016 443 4081 2)
480 4018 573 4071 Mutth.
595 4016 634 4071 16.
656 4030 697 4085 ιγ.

416 4114 444 4179 3)
480 4115 522 4166 lta
541 4115 567 4168 in
597 4116 723 4170 omuibus
742 4114 826 4171 nutri
854 4114 927 4170 MSS.
948 4125 974 4169 et
992 4126 1048 4168 vet·
1064 4112 1127 4168 edit.
1157 4115 1185 4167 in
1212 4114 1399 4169 recentioribus
1417 4129 1480 4169 veto
1498 4113 1539 4167 itt·

434 4204 532 4257 καὶέν.
