3909 5400
864 606 1096 688 -861-

421 762 504 827 vitae
531 764 578 828 vit
604 759 693 828 nullo
718 760 816 828 modo
841 762 999 848 expletur,
1024 767 1066 830 ita
1090 763 1175 828 hunc
1201 760 1331 830 inferius
1353 764 1536 851 depressum

420 893 522 953 tener,
545 897 580 941 ac
605 880 628 940 si
655 875 757 942 adhuc
783 875 820 942 de
845 881 979 942 summis
1011 878 1067 965 (r)
1090 876 1176 943 nulla
1203 880 1400 965 contigisset.
1439 862 1538 944 Audi·

419 984 461 1045 tis
488 982 591 1047 verbis
616 981 754 1047 coelestis
778 981 908 1062 oraculi,
933 984 965 1048 in
991 992 1152 1049 amorem¹
1175 985 1286 1069 patriae
1311 983 1458 1049 coelestis
1482 988 1539 1050 eri·

420 1089 518 1170 gitur:
542 1085 596 1151 sed
621 1105 806 1172 resurgente
822 1091 987 1172 praesentis
1010 1090 1086 1153 vitre
1109 1086 1227 1165 studio,
1243 1086 1302 1150 sub
1327 1104 1463 1153 terrenae
1487 1109 1539 1152 cu·

419 1211 464 1254 rre
488 1213 603 1278 aggere
628 1190 789 1276 sepelitur:
814 1210 910 1279 atque
935 1195 1079 1259 interra
1118 1190 1224 1258 cordis
1252 1213 1453 1278 nequaquam
1491 1215 1539 1256 su-

420 1324 537 1388 pernae
562 1306 627 1390 spei
651 1326 762 1370 semen
787 1304 927 1392 proficit;
951 1308 1026 1392 quia
1066 1306 1270 1392 cogitationis
1292 1303 1415 1370 infimae
1450 1306 1539 1392 spina

419 1415 587 1482 densescit.
613 1418 721 1495 Quam
747 1417 898 1483 videlicet
923 1420 1048 1504 spinam
1075 1439 1131 1503 per
1169 1418 1373 1503 semetipsam
1413 1418 1539 1503 Veritas

420 1551 516 1595 manu
541 1549 669 1596 sanctae
694 1529 927 1596 exhortationis
952 1530 1104 1608 eradicat,
1144 1532 1263 1596 dicens:
1292 1555 1307 1592 o
1344 1528 1453 1596 Nolite
1477 1531 1540 1597 sol-

419 1642 498 1709 liciti
536 1666 602 1709 esse
649 1647 933 1710 incrastinum.»
961 1643 1164 1731 (2)Contra
1204 1643 1285 1708 lianc
1325 1666 1457 1731 quoque
1482 1667 1539 1731 per

419 1749 554 1814 Paulum
582 1748 709 1814 dicitnr:
735 1751 883 1814 «Carnis
907 1769 1074 1814 curamue
1098 1747 1238 1814 feceritis
1261 1751 1293 1813 in
1308 1752 1536 1834 concupiscen-

403 1864 479 1927 'tiis
506 1890 522 1925 »
548 1862 604 1950 (3)
637 1862 699 1930 Sed
725 1865 758 1928 in
782 1863 830 1929 his
865 1863 1017 1928 nimirum
1042 1862 1132 1928 ducis
1154 1884 1190 1928 ac
1230 1861 1339 1927 militis
1363 1862 1468 1928 verbis
1507 1887 1539 1928 a·

419 1970 615 2053 gnoscimus,
639 1969 711 2054 quia
736 1987 823 2033 nunc
846 1967 884 2034 ab
909 1988 946 2033 ea
963 1967 1134 2033 mortifero
1158 1967 1291 2032 vulnere
1309 1971 1434 2033 animus
1458 1989 1539 2053 pun-

418 2084 515 2168 gitur,
539 2103 613 2146 cum
639 2084 670 2146 in
695 2103 731 2147 ea
756 2103 922 2147 mensurae
947 2085 1089 2171 aequitas
1112 2103 1178 2147 non
1204 2098 1343 2147 tenetur.

491 2214 549 2281 127
579 2195 692 2281 Neque
732 2196 819 2260 enirn
858 2193 985 2261 mortali
1009 2194 1113 2261 adhuc
1138 2195 1169 2261 in
1209 2216 1304 2261 carne
1344 2194 1538 2275 viventibus,

418 2307 562 2374 funditus
588 2330 662 2375 cura
685 2310 788 2375 carnis
822 2308 878 2396 (4)
902 2307 1108 2374 abscinditur:
1133 2308 1190 2374 sed
1231 2329 1265 2374 ut
1289 2307 1433 2376 discrete
1469 2313 1539 2374 ani·

418 2435 473 2478 mo
496 2418 614 2481 serviat
639 2466 648 2495 ,
671 2432 878 2504 temperatur.
901 2414 986 2482 Nam
1025 2417 1098 2501 quia
1120 2414 1278 2481 sollicitos
1302 2437 1361 2482 nos
1385 2438 1450 2482 esse
1475 2416 1539 2481 Ve-

418 2528 493 2593 ritas
532 2530 762 2594 incrastinum
804 2529 964 2614 prohibet,
997 2528 1114 2594 habere
1153 2548 1331 2615 utcumque
1372 2550 1481 2594 curam
1505 2531 1537 2593 in

417 2644 636 2730 praesentibus
660 2667 725 2711 non
750 2662 855 2731 negat,
880 2665 975 2729 quam
1002 2641 1091 2707 tendi
1114 2640 1153 2707 ad
1178 2659 1305 2727 tempus
1322 2641 1409 2727 quod
1433 2642 1538 2727 sequi·

418 2775 481 2836 tur,
507 2777 604 2824 vetat.
629 2760 668 2825 Et
711 2761 864 2823 nimirum
890 2756 1005 2822 Paulus
1029 2776 1103 2819 cum
1141 2758 1244 2820 carnis
1267 2775 1376 2820 curam
1411 2753 1481 2819 lieri
1505 2760 1537 2821 in

420 2863 688 2948 concupiscentiis
712 2883 777 2926 non
802 2862 886 2940 sinit,
911 2857 1024 2946 procul
1049 2859 1104 2945 (ς)
1128 2858 1232 2924 adhuc
1249 2856 1349 2924 dubio
1372 2860 1404 2923 in
1429 2880 1538 2923 neces-

417 2970 509 3033 sitate
535 2967 694 3032 concedit.
719 2966 922 3030 Discretione
947 2984 1025 3049 ergo
1050 2966 1157 3048 magni
1182 2964 1412 3030 moderaminis
1435 2967 1538 3029 carnis

418 3093 494 3137 cura
518 3069 670 3137 frenanda
709 3089 767 3149 est,
803 3086 842 3134 ut
866 3070 999 3145 serviat,
1026 3087 1058 3132 et
1084 3070 1205 3133 minine
1245 3070 1452 3155 principetur:
1495 3091 1534 3133 ne

419 3188 506 3271 quasi
530 3183 660 3251 domina
695 3186 838 3250 animum
864 3185 982 3260 vincat,
1006 3181 1060 3246 sed
1084 3181 1214 3247 subacta
1239 3186 1356 3248 mentis
1381 3182 1537 3261 dominio,

410 3405 442 3511 ηι)
479 3447 538 3515 Lyr.
558 3460 583 3499 et
603 3446 690 3516 Bigot.
709 3445 782 3497 nullo
801 3444 924 3515 tetigisset.

413 3545 442 3604 2)
479 3541 572 3595 Matala.
589 3542 614 3593 6.
635 3555 675 3606 34.

415 3642 445 3704 3)
481 3639 559 3691 Rom.
582 3652 620 3704 13.
643 3651 683 3702 14.

413 3738 442 3796 4)
479 3736 516 3785 lta
535 3733 638 3785 Genrct.
657 3732 759 3802 Uticset
771 3731 887 3802 plurimi.
905 3732 958 3785 Ubi
970 3732 1165 3784 observandum
1178 3746 1217 3787 est
1236 3733 1262 3785 in
1280 3747 1331 3787 vet.
1351 3733 1423 3786 tiss.
1442 3733 1522 3785 raris·

431 3829 628 3903 sime2vetbum
646 3828 761 3883 abscindo
780 3830 887 3898 eiusque
906 3828 1003 3882 modos
1021 3840 1048 3881 et
1061 3840 1180 3898 tempora
1199 3829 1313 3899 reperiri,
1326 3830 1371 3883 sed
1385 3830 1439 3883 eius
1460 3828 1521 3882 loco

432 3918 549 3988 usurpari
569 3918 673 3971 abscido.

415 4020 442 4082 ς)
481 4019 508 4069 ln
527 4016 626 4068 Bessar.
647 4014 718 4068 deest
739 4014 827 4067 adhuc.
