<?xml version="1.0" encoding="UTF-8"?>
<!DOCTYPE html PUBLIC "-//W3C//DTD XHTML 1.0 Transitional//EN"
    "http://www.w3.org/TR/xhtml1/DTD/xhtml1-transitional.dtd">
<html xmlns="http://www.w3.org/1999/xhtml" xml:lang="en" lang="en">
 <head>
  <title>
</title>
<meta http-equiv="Content-Type" content="text/html;charset=utf-8" />
  <meta name='ocr-system' content='tesseract 3.04.00' />
  <meta name='ocr-capabilities' content='ocr_page ocr_carea ocr_par ocr_line ocrx_word'/>
</head>
<body>
  <div class='ocr_page' id='page_1' title='image "./librimoraliumsi00greggoog_0857.png"; bbox 0 0 3909 5400; ppageno 0'>
   <div class='ocr_carea' id='block_1_1' title="bbox 859 665 1094 746">
    <p class='ocr_par' dir='ltr' id='par_1_1' title="bbox 859 665 1094 746">
     <span class='ocr_line' id='line_1_1' title="bbox 859 665 1094 746; baseline 0.004 -1"><span class='ocrx_word' id='word_1_1' title='bbox 859 665 1094 746; x_wconf 78' lang='lat'>-821-</span> 
     </span>
    </p>
   </div>
   <div class='ocr_carea' id='block_1_2' title="bbox 412 822 1538 1535">
    <p class='ocr_par' dir='ltr' id='par_1_2' title="bbox 412 822 1538 1535">
     <span class='ocr_line' id='line_1_2' title="bbox 412 822 1537 906; baseline 0 -20"><span class='ocrx_word' id='word_1_2' title='bbox 412 823 502 900; x_wconf 87' lang='lat' dir='ltr'>titnr‚</span> <span class='ocrx_word' id='word_1_3' title='bbox 527 823 660 886; x_wconf 85' lang='lat' dir='ltr'>minime</span> <span class='ocrx_word' id='word_1_4' title='bbox 686 822 865 905; x_wconf 81' lang='lat' dir='ltr'>cognoscit:</span> <span class='ocrx_word' id='word_1_5' title='bbox 891 839 986 906; x_wconf 86' lang='lat' dir='ltr'>atque</span> <span class='ocrx_word' id='word_1_6' title='bbox 1012 842 1051 886; x_wconf 89' lang='lat' dir='ltr'>eo</span> <span class='ocrx_word' id='word_1_7' title='bbox 1078 824 1178 906; x_wconf 80' lang='lat' dir='ltr'>magis</span> <span class='ocrx_word' id='word_1_8' title='bbox 1203 823 1232 884; x_wconf 92' lang='lat' dir='ltr'>in</span> <span class='ocrx_word' id='word_1_9' title='bbox 1260 822 1462 906; x_wconf 87' lang='lat' dir='ltr'>percussione</span> <span class='ocrx_word' id='word_1_10' title='bbox 1476 836 1537 887; x_wconf 86' lang='lat' dir='ltr'>tre·</span> 
     </span>
     <span class='ocr_line' id='line_1_3' title="bbox 414 923 1535 1011; baseline 0 -22"><span class='ocrx_word' id='word_1_11' title='bbox 414 925 511 1011; x_wconf 81' lang='lat' dir='ltr'>pidat,</span> <span class='ocrx_word' id='word_1_12' title='bbox 536 946 601 1011; x_wconf 84' lang='lat' dir='ltr'>qun</span> <span class='ocrx_word' id='word_1_13' title='bbox 626 944 733 995; x_wconf 83' lang='lat' dir='ltr'>causas</span> <span class='ocrx_word' id='word_1_14' title='bbox 757 945 823 988; x_wconf 73' lang='lat' dir='ltr'>sure</span> <span class='ocrx_word' id='word_1_15' title='bbox 847 926 1062 1010; x_wconf 85' lang='lat' dir='ltr'>percussionis</span> <span class='ocrx_word' id='word_1_16' title='bbox 1087 927 1223 1008; x_wconf 73' lang='lat' dir='ltr'>ignorat,</span> <span class='ocrx_word' id='word_1_17' title='bbox 1250 923 1335 989; x_wconf 88' lang='lat' dir='ltr'>Petit</span> <span class='ocrx_word' id='word_1_18' title='bbox 1360 942 1394 988; x_wconf 91' lang='lat' dir='ltr'>ut</span> <span class='ocrx_word' id='word_1_19' title='bbox 1418 943 1535 990; x_wconf 88' lang='lat' dir='ltr'>semet·</span> 
     </span>
     <span class='ocr_line' id='line_1_4' title="bbox 413 1027 1537 1115; baseline -0.001 -21"><span class='ocrx_word' id='word_1_20' title='bbox 413 1034 517 1113; x_wconf 87' lang='lat' dir='ltr'>ipsum</span> <span class='ocrx_word' id='word_1_21' title='bbox 541 1030 599 1094; x_wconf 92' lang='lat' dir='ltr'>sibi</span> <span class='ocrx_word' id='word_1_22' title='bbox 624 1028 718 1095; x_wconf 82' lang='lat' dir='ltr'>iudex</span> <span class='ocrx_word' id='word_1_23' title='bbox 744 1027 873 1104; x_wconf 83' lang='lat' dir='ltr'>indicet,</span> <span class='ocrx_word' id='word_1_24' title='bbox 899 1048 1057 1115; x_wconf 82' lang='lat' dir='ltr'>quatenus</span> <span class='ocrx_word' id='word_1_25' title='bbox 1081 1029 1167 1115; x_wconf 92' lang='lat' dir='ltr'>quod</span> <span class='ocrx_word' id='word_1_26' title='bbox 1203 1028 1254 1094; x_wconf 86' lang='lat' dir='ltr'>ilie</span> <span class='ocrx_word' id='word_1_27' title='bbox 1279 1029 1537 1093; x_wconf 87' lang='lat' dir='ltr'>animadverten-</span> 
     </span>
     <span class='ocr_line' id='line_1_5' title="bbox 415 1133 1536 1221; baseline 0.001 -23"><span class='ocrx_word' id='word_1_28' title='bbox 415 1136 457 1198; x_wconf 91' lang='lat' dir='ltr'>do</span> <span class='ocrx_word' id='word_1_29' title='bbox 482 1139 631 1221; x_wconf 89' lang='lat' dir='ltr'>percutit,</span> <span class='ocrx_word' id='word_1_30' title='bbox 657 1136 719 1199; x_wconf 84' lang='lat' dir='ltr'>hoc</span> <span class='ocrx_word' id='word_1_31' title='bbox 744 1137 774 1199; x_wconf 92' lang='lat' dir='ltr'>in</span> <span class='ocrx_word' id='word_1_32' title='bbox 799 1158 832 1199; x_wconf 87' lang='lat' dir='ltr'>se</span> <span class='ocrx_word' id='word_1_33' title='bbox 857 1133 964 1200; x_wconf 85' lang='lat' dir='ltr'>flendo</span> <span class='ocrx_word' id='word_1_34' title='bbox 990 1136 1110 1219; x_wconf 88' lang='lat' dir='ltr'>etipse</span> <span class='ocrx_word' id='word_1_35' title='bbox 1141 1138 1282 1219; x_wconf 76' lang='lat' dir='ltr'>castiget.</span> <span class='ocrx_word' id='word_1_36' title='bbox 1307 1135 1373 1200; x_wconf 86' lang='lat' dir='ltr'>Scit</span> <span class='ocrx_word' id='word_1_37' title='bbox 1397 1155 1536 1219; x_wconf 88' lang='lat' dir='ltr'>namque</span> 
     </span>
     <span class='ocr_line' id='line_1_6' title="bbox 415 1239 1537 1327; baseline 0 -25"><span class='ocrx_word' id='word_1_38' title='bbox 415 1240 501 1325; x_wconf 92' lang='lat' dir='ltr'>quod</span> <span class='ocrx_word' id='word_1_39' title='bbox 527 1241 581 1325; x_wconf 88' lang='lat'>(1)</span> <span class='ocrx_word' id='word_1_40' title='bbox 599 1242 797 1324; x_wconf 82' lang='lat' dir='ltr'>aequissimus</span> <span class='ocrx_word' id='word_1_41' title='bbox 816 1239 934 1305; x_wconf 83' lang='lat' dir='ltr'>vindex</span> <span class='ocrx_word' id='word_1_42' title='bbox 952 1240 1068 1305; x_wconf 89' lang='lat' dir='ltr'>iniuste</span> <span class='ocrx_word' id='word_1_43' title='bbox 1086 1241 1268 1327; x_wconf 81' lang='lat' dir='ltr'>quempiam</span> <span class='ocrx_word' id='word_1_44' title='bbox 1282 1257 1430 1304; x_wconf 88' lang='lat' dir='ltr'>nostrum</span> <span class='ocrx_word' id='word_1_45' title='bbox 1448 1240 1537 1304; x_wconf 84' lang='lat' dir='ltr'>nullo</span> 
     </span>
     <span class='ocr_line' id='line_1_7' title="bbox 415 1343 1536 1432; baseline 0 -24"><span class='ocrx_word' id='word_1_46' title='bbox 415 1345 514 1408; x_wconf 91' lang='lat' dir='ltr'>modo</span> <span class='ocrx_word' id='word_1_47' title='bbox 538 1343 659 1429; x_wconf 80' lang='lat' dir='ltr'>affligit,</span> <span class='ocrx_word' id='word_1_48' title='bbox 685 1363 719 1408; x_wconf 90' lang='lat' dir='ltr'>et</span> <span class='ocrx_word' id='word_1_49' title='bbox 742 1366 860 1430; x_wconf 83' lang='lat' dir='ltr'>magno</span> <span class='ocrx_word' id='word_1_50' title='bbox 885 1362 975 1409; x_wconf 87' lang='lat' dir='ltr'>metu</span> <span class='ocrx_word' id='word_1_51' title='bbox 1017 1347 1211 1411; x_wconf 81' lang='lat' dir='ltr'>concutitur:</span> <span class='ocrx_word' id='word_1_52' title='bbox 1239 1346 1313 1432; x_wconf 87' lang='lat' dir='ltr'>quia</span> <span class='ocrx_word' id='word_1_53' title='bbox 1337 1363 1369 1409; x_wconf 89' lang='lat' dir='ltr'>et</span> <span class='ocrx_word' id='word_1_54' title='bbox 1394 1343 1481 1410; x_wconf 89' lang='lat' dir='ltr'>dolet</span> <span class='ocrx_word' id='word_1_55' title='bbox 1505 1345 1536 1409; x_wconf 90' lang='lat' dir='ltr'>in</span> 
     </span>
     <span class='ocr_line' id='line_1_8' title="bbox 415 1445 1538 1535; baseline 0.004 -26"><span class='ocrx_word' id='word_1_56' title='bbox 415 1445 560 1525; x_wconf 86' lang='lat' dir='ltr'>verbere,</span> <span class='ocrx_word' id='word_1_57' title='bbox 600 1466 633 1511; x_wconf 93' lang='lat' dir='ltr'>et</span> <span class='ocrx_word' id='word_1_58' title='bbox 656 1447 896 1532; x_wconf 78' lang='lat' dir='ltr'>deprehendere</span> <span class='ocrx_word' id='word_1_59' title='bbox 929 1450 962 1512; x_wconf 92' lang='lat' dir='ltr'>in</span> <span class='ocrx_word' id='word_1_60' title='bbox 998 1469 1030 1512; x_wconf 91' lang='lat' dir='ltr'>se</span> <span class='ocrx_word' id='word_1_61' title='bbox 1056 1448 1198 1533; x_wconf 74' lang='lat' dir='ltr'>perfecte</span> <span class='ocrx_word' id='word_1_62' title='bbox 1235 1471 1301 1515; x_wconf 90' lang='lat' dir='ltr'>non</span> <span class='ocrx_word' id='word_1_63' title='bbox 1332 1448 1426 1528; x_wconf 86' lang='lat' dir='ltr'>valet,</span> <span class='ocrx_word' id='word_1_64' title='bbox 1451 1448 1538 1535; x_wconf 90' lang='lat' dir='ltr'>quod</span> 
     </span>
    </p>
   </div>
   <div class='ocr_carea' id='block_1_3' title="bbox 416 1559 1001 1646">
    <p class='ocr_par' dir='ltr' id='par_1_3' title="bbox 416 1559 1001 1646">
     <span class='ocr_line' id='line_1_9' title="bbox 416 1559 1001 1646; baseline 0.003 -22"><span class='ocrx_word' id='word_1_65' title='bbox 416 1559 571 1646; x_wconf 88' lang='lat' dir='ltr'>deploret.</span> <span class='ocrx_word' id='word_1_66' title='bbox 597 1559 691 1626; x_wconf 87' lang='lat' dir='ltr'>Unde</span> <span class='ocrx_word' id='word_1_67' title='bbox 716 1560 818 1626; x_wconf 84' lang='lat' dir='ltr'>adhuc</span> <span class='ocrx_word' id='word_1_68' title='bbox 844 1559 1001 1626; x_wconf 86' lang='lat' dir='ltr'>subditur:</span> 
     </span>
    </p>
   </div>
   <div class='ocr_carea' id='block_1_4' title="bbox 840 1806 1119 1872">
    <p class='ocr_par' dir='ltr' id='par_1_4' title="bbox 840 1806 1119 1872">
     <span class='ocr_line' id='line_1_10' title="bbox 840 1806 1119 1872; baseline -0.011 0"><span class='ocrx_word' id='word_1_69' title='bbox 840 1806 990 1872; x_wconf 78' lang='lat' dir='ltr'>CAPUT</span> <span class='ocrx_word' id='word_1_70' title='bbox 1004 1806 1119 1871; x_wconf 86' lang='lat' dir='ltr'>XLVI.</span> 
     </span>
    </p>
   </div>
   <div class='ocr_carea' id='block_1_5' title="bbox 422 2050 1535 2291">
    <p class='ocr_par' dir='ltr' id='par_1_5' title="bbox 422 2050 1535 2291">
     <span class='ocr_line' id='line_1_11' title="bbox 502 2050 1535 2154; baseline -0.005 -20"><span class='ocrx_word' id='word_1_71' title='bbox 502 2053 616 2153; x_wconf 83' lang='lat' dir='ltr'>Quod</span> <span class='ocrx_word' id='word_1_72' title='bbox 645 2053 862 2136; x_wconf 82' lang='lat' dir='ltr'>eonsilium</span> <span class='ocrx_word' id='word_1_73' title='bbox 893 2050 1048 2133; x_wconf 83' lang='lat' dir='ltr'>diaboli</span> <span class='ocrx_word' id='word_1_74' title='bbox 1083 2059 1215 2131; x_wconf 80' lang='lat' dir='ltr'>totum</span> <span class='ocrx_word' id='word_1_75' title='bbox 1245 2050 1299 2130; x_wconf 82' lang='lat' dir='ltr'>sit</span> <span class='ocrx_word' id='word_1_76' title='bbox 1329 2051 1371 2129; x_wconf 89' lang='lat' dir='ltr'>in</span> <span class='ocrx_word' id='word_1_77' title='bbox 1400 2050 1535 2154; x_wconf 85' lang='lat' dir='ltr'>perdi-</span> 
     </span>
     <span class='ocr_line' id='line_1_12' title="bbox 422 2184 943 2291; baseline 0 -26"><span class='ocrx_word' id='word_1_78' title='bbox 422 2188 535 2266; x_wconf 81' lang='lat' dir='ltr'>tione</span> <span class='ocrx_word' id='word_1_79' title='bbox 565 2187 728 2291; x_wconf 75' lang='lat' dir='ltr'>generis</span> <span class='ocrx_word' id='word_1_80' title='bbox 758 2184 943 2265; x_wconf 83' lang='lat' dir='ltr'>humani.</span> 
     </span>
    </p>
   </div>
   <div class='ocr_carea' id='block_1_6' title="bbox 422 2420 1538 2790">
    <p class='ocr_par' dir='ltr' id='par_1_6' title="bbox 422 2420 1538 2790">
     <span class='ocr_line' id='line_1_13' title="bbox 502 2420 1535 2528; baseline 0 -27"><span class='ocrx_word' id='word_1_81' title='bbox 502 2420 717 2528; x_wconf 70' lang='lat' dir='ltr'>Numquid</span> <span class='ocrx_word' id='word_1_82' title='bbox 743 2421 883 2503; x_wconf 79' lang='lat' dir='ltr'>bonnm</span> <span class='ocrx_word' id='word_1_83' title='bbox 915 2420 990 2502; x_wconf 73' lang='lat' dir='ltr'>nbi</span> <span class='ocrx_word' id='word_1_84' title='bbox 1005 2420 1173 2526; x_wconf 67' lang='lat' dir='ltr'>radetur,</span> <span class='ocrx_word' id='word_1_85' title='bbox 1202 2423 1239 2501; x_wconf 79' lang='lat' dir='ltr'>si</span> <span class='ocrx_word' id='word_1_86' title='bbox 1265 2421 1535 2526; x_wconf 59' lang='lat' dir='ltr'>valannonus,</span> 
     </span>
     <span class='ocr_line' id='line_1_14' title="bbox 422 2555 1538 2661; baseline -0.002 -27"><span class='ocrx_word' id='word_1_87' title='bbox 422 2562 458 2634; x_wconf 77' lang='lat' dir='ltr'>ei</span> <span class='ocrx_word' id='word_1_88' title='bbox 487 2555 689 2661; x_wconf 77' lang='lat' dir='ltr'>opprimas</span> <span class='ocrx_word' id='word_1_89' title='bbox 732 2579 958 2659; x_wconf 74' lang='lat' dir='ltr'>pauperem,</span> <span class='ocrx_word' id='word_1_90' title='bbox 990 2578 1088 2657; x_wconf 79' lang='lat' dir='ltr'>opus</span> <span class='ocrx_word' id='word_1_91' title='bbox 1134 2581 1323 2634; x_wconf 73' lang='lat' dir='ltr'>nannetum</span> <span class='ocrx_word' id='word_1_92' title='bbox 1354 2560 1538 2658; x_wconf 70' lang='lat' dir='ltr'>trentam,</span> 
     </span>
     <span class='ocr_line' id='line_1_15' title="bbox 422 2683 1148 2790; baseline 0 -26"><span class='ocrx_word' id='word_1_93' title='bbox 422 2690 458 2764; x_wconf 78' lang='lat' dir='ltr'>ei</span> <span class='ocrx_word' id='word_1_94' title='bbox 486 2683 694 2764; x_wconf 75' lang='lat' dir='ltr'>consilinm</span> <span class='ocrx_word' id='word_1_95' title='bbox 722 2685 936 2790; x_wconf 71' lang='lat' dir='ltr'>impioram</span> <span class='ocrx_word' id='word_1_96' title='bbox 964 2683 1148 2764; x_wconf 71' lang='lat' dir='ltr'>adiutas?</span> 
     </span>
    </p>
   </div>
   <div class='ocr_carea' id='block_1_7' title="bbox 419 2955 1543 3235">
    <p class='ocr_par' dir='ltr' id='par_1_7' title="bbox 419 2955 1543 3235">
     <span class='ocr_line' id='line_1_16' title="bbox 489 2955 537 3016; baseline 0 0"><span class='ocrx_word' id='word_1_97' title='bbox 489 2955 537 3016; x_wconf 57' lang='lat' dir='ltr'>fi</span> 
     </span>
     <span class='ocr_line' id='line_1_17' title="bbox 443 2967 1543 3119; baseline -0.001 -20"><span class='ocrx_word' id='word_1_98' title='bbox 443 2967 607 3112; x_wconf 59' lang='lat' dir='ltr'>Sdffioc</span> <span class='ocrx_word' id='word_1_99' title='bbox 632 3037 783 3099; x_wconf 89' lang='lat' dir='ltr'>nimirum</span> <span class='ocrx_word' id='word_1_100' title='bbox 808 3037 852 3099; x_wconf 86' lang='lat' dir='ltr'>sic</span> <span class='ocrx_word' id='word_1_101' title='bbox 877 3056 932 3118; x_wconf 91' lang='lat' dir='ltr'>per</span> <span class='ocrx_word' id='word_1_102' title='bbox 958 3036 1249 3119; x_wconf 82' lang='lat' dir='ltr'>interrogationem</span> <span class='ocrx_word' id='word_1_103' title='bbox 1274 3034 1403 3112; x_wconf 88' lang='lat' dir='ltr'>dicitur,</span> <span class='ocrx_word' id='word_1_104' title='bbox 1429 3053 1462 3097; x_wconf 94' lang='lat' dir='ltr'>ut</span> <span class='ocrx_word' id='word_1_105' title='bbox 1488 3057 1543 3100; x_wconf 90' lang='lat' dir='ltr'>ne-</span> 
     </span>
     <span class='ocr_line' id='line_1_18' title="bbox 419 3147 1542 3235; baseline 0 -21"><span class='ocrx_word' id='word_1_106' title='bbox 419 3171 523 3233; x_wconf 83' lang='lat' dir='ltr'>getur.</span> <span class='ocrx_word' id='word_1_107' title='bbox 547 3154 593 3213; x_wconf 82' lang='lat' dir='ltr'>Ac</span> <span class='ocrx_word' id='word_1_108' title='bbox 619 3154 643 3214; x_wconf 91' lang='lat' dir='ltr'>si</span> <span class='ocrx_word' id='word_1_109' title='bbox 667 3168 777 3234; x_wconf 83' lang='lat' dir='ltr'>aperte</span> <span class='ocrx_word' id='word_1_110' title='bbox 802 3148 974 3214; x_wconf 88' lang='lat' dir='ltr'>diceretur:</span> <span class='ocrx_word' id='word_1_111' title='bbox 994 3147 1024 3212; x_wconf 89' lang='lat' dir='ltr'>T</span> <span class='ocrx_word' id='word_1_112' title='bbox 1028 3171 1045 3212; x_wconf 89' lang='lat' dir='ltr'>u</span> <span class='ocrx_word' id='word_1_113' title='bbox 1072 3150 1126 3235; x_wconf 88' lang='lat' dir='ltr'>qui</span> <span class='ocrx_word' id='word_1_114' title='bbox 1150 3170 1275 3214; x_wconf 90' lang='lat' dir='ltr'>summe</span> <span class='ocrx_word' id='word_1_115' title='bbox 1291 3147 1394 3213; x_wconf 89' lang='lat' dir='ltr'>bonus</span> <span class='ocrx_word' id='word_1_116' title='bbox 1417 3170 1461 3227; x_wconf 90' lang='lat' dir='ltr'>es,</span> <span class='ocrx_word' id='word_1_117' title='bbox 1485 3171 1542 3214; x_wconf 90' lang='lat' dir='ltr'>no·</span> 
     </span>
    </p>
   </div>
   <div class='ocr_carea' id='block_1_8' title="bbox 418 3262 1545 3919">
    <p class='ocr_par' dir='ltr' id='par_1_8' title="bbox 418 3262 1545 3919">
     <span class='ocr_line' id='line_1_19' title="bbox 421 3262 1539 3350; baseline 0.003 -27"><span class='ocrx_word' id='word_1_118' title='bbox 421 3266 451 3325; x_wconf 81' lang='lat' dir='ltr'>vi</span> <span class='ocrx_word' id='word_1_119' title='bbox 477 3264 549 3350; x_wconf 85' lang='lat' dir='ltr'>quia</span> <span class='ocrx_word' id='word_1_120' title='bbox 575 3263 694 3327; x_wconf 89' lang='lat' dir='ltr'>bonnm</span> <span class='ocrx_word' id='word_1_121' title='bbox 722 3284 788 3326; x_wconf 92' lang='lat' dir='ltr'>non</span> <span class='ocrx_word' id='word_1_122' title='bbox 814 3264 969 3340; x_wconf 80' lang='lat' dir='ltr'>aestimas,</span> <span class='ocrx_word' id='word_1_123' title='bbox 995 3284 1029 3326; x_wconf 91' lang='lat' dir='ltr'>ut</span> <span class='ocrx_word' id='word_1_124' title='bbox 1056 3284 1241 3348; x_wconf 85' lang='lat' dir='ltr'>pauperem,</span> <span class='ocrx_word' id='word_1_125' title='bbox 1265 3283 1323 3348; x_wconf 90' lang='lat' dir='ltr'>per</span> <span class='ocrx_word' id='word_1_126' title='bbox 1346 3262 1539 3328; x_wconf 86' lang='lat' dir='ltr'>calumniam</span> 
     </span>
     <span class='ocr_line' id='line_1_20' title="bbox 421 3375 1542 3463; baseline -0.003 -22"><span class='ocrx_word' id='word_1_127' title='bbox 421 3398 555 3462; x_wconf 90' lang='lat' dir='ltr'>premas.</span> <span class='ocrx_word' id='word_1_128' title='bbox 582 3376 619 3441; x_wconf 80' lang='lat' dir='ltr'>Et</span> <span class='ocrx_word' id='word_1_129' title='bbox 645 3379 714 3441; x_wconf 88' lang='lat' dir='ltr'>scio</span> <span class='ocrx_word' id='word_1_130' title='bbox 747 3396 824 3460; x_wconf 80' lang='lat' dir='ltr'>ergo</span> <span class='ocrx_word' id='word_1_131' title='bbox 849 3377 921 3461; x_wconf 89' lang='lat' dir='ltr'>quia</span> <span class='ocrx_word' id='word_1_132' title='bbox 960 3396 1026 3439; x_wconf 88' lang='lat' dir='ltr'>non</span> <span class='ocrx_word' id='word_1_133' title='bbox 1052 3393 1098 3439; x_wconf 87' lang='lat' dir='ltr'>est</span> <span class='ocrx_word' id='word_1_134' title='bbox 1124 3379 1278 3440; x_wconf 77' lang='lat' dir='ltr'>iniustum</span> <span class='ocrx_word' id='word_1_135' title='bbox 1305 3375 1392 3463; x_wconf 89' lang='lat' dir='ltr'>quod</span> <span class='ocrx_word' id='word_1_136' title='bbox 1428 3380 1542 3460; x_wconf 86' lang='lat' dir='ltr'>patior,</span> 
     </span>
     <span class='ocr_line' id='line_1_21' title="bbox 421 3489 1539 3575; baseline -0.002 -19"><span class='ocrx_word' id='word_1_137' title='bbox 421 3512 452 3558; x_wconf 89' lang='lat' dir='ltr'>et</span> <span class='ocrx_word' id='word_1_138' title='bbox 477 3514 516 3558; x_wconf 89' lang='lat' dir='ltr'>eo</span> <span class='ocrx_word' id='word_1_139' title='bbox 543 3494 643 3575; x_wconf 79' lang='lat' dir='ltr'>magis</span> <span class='ocrx_word' id='word_1_140' title='bbox 669 3489 774 3567; x_wconf 87' lang='lat' dir='ltr'>doleo,</span> <span class='ocrx_word' id='word_1_141' title='bbox 799 3511 863 3575; x_wconf 89' lang='lat' dir='ltr'>qno</span> <span class='ocrx_word' id='word_1_142' title='bbox 889 3512 997 3555; x_wconf 85' lang='lat' dir='ltr'>causas</span> <span class='ocrx_word' id='word_1_143' title='bbox 1022 3492 1160 3554; x_wconf 86' lang='lat' dir='ltr'>iustitiae</span> <span class='ocrx_word' id='word_1_144' title='bbox 1199 3493 1324 3575; x_wconf 81' lang='lat' dir='ltr'>ignoro</span> <span class='ocrx_word' id='word_1_145' title='bbox 1349 3490 1539 3555; x_wconf 82' lang='lat' dir='ltr'>Notandum</span> 
     </span>
     <span class='ocr_line' id='line_1_22' title="bbox 422 3603 1543 3693; baseline 0 -25"><span class='ocrx_word' id='word_1_146' title='bbox 422 3627 499 3670; x_wconf 79' lang='lat' dir='ltr'>vero</span> <span class='ocrx_word' id='word_1_147' title='bbox 524 3607 611 3693; x_wconf 89' lang='lat' dir='ltr'>quod</span> <span class='ocrx_word' id='word_1_148' title='bbox 637 3627 701 3669; x_wconf 85' lang='lat' dir='ltr'>uon</span> <span class='ocrx_word' id='word_1_149' title='bbox 727 3608 779 3668; x_wconf 86' lang='lat' dir='ltr'>ait:</span> <span class='ocrx_word' id='word_1_150' title='bbox 807 3628 822 3664; x_wconf 83' lang='lat' dir='ltr'>n</span> <span class='ocrx_word' id='word_1_151' title='bbox 849 3605 893 3668; x_wconf 92' lang='lat' dir='ltr'>Ut</span> <span class='ocrx_word' id='word_1_152' title='bbox 918 3605 1081 3688; x_wconf 83' lang='lat' dir='ltr'>opprimas</span> <span class='ocrx_word' id='word_1_153' title='bbox 1101 3607 1325 3681; x_wconf 80' lang='lat' dir='ltr'>innocentem,</span> <span class='ocrx_word' id='word_1_154' title='bbox 1353 3630 1368 3665; x_wconf 84' lang='lat' dir='ltr'>n</span> <span class='ocrx_word' id='word_1_155' title='bbox 1395 3603 1450 3667; x_wconf 86' lang='lat' dir='ltr'>sed</span> <span class='ocrx_word' id='word_1_156' title='bbox 1465 3618 1543 3689; x_wconf 76' lang='lat' dir='ltr'>part-</span> 
     </span>
     <span class='ocr_line' id='line_1_23' title="bbox 418 3715 1545 3807; baseline -0.004 -22"><span class='ocrx_word' id='word_1_157' title='bbox 418 3732 532 3807; x_wconf 74' lang='lat' dir='ltr'>prtem.</span> <span class='ocrx_word' id='word_1_158' title='bbox 583 3720 650 3796; x_wconf 87' lang='lat' dir='ltr'>Qui</span> <span class='ocrx_word' id='word_1_159' title='bbox 675 3718 760 3783; x_wconf 91' lang='lat' dir='ltr'>enim</span> <span class='ocrx_word' id='word_1_160' title='bbox 786 3715 976 3781; x_wconf 90' lang='lat' dir='ltr'>districtioni</span> <span class='ocrx_word' id='word_1_161' title='bbox 1004 3715 1118 3782; x_wconf 85' lang='lat' dir='ltr'>iudicis</span> <span class='ocrx_word' id='word_1_162' title='bbox 1157 3738 1358 3804; x_wconf 85' lang='lat' dir='ltr'>nequaquam</span> <span class='ocrx_word' id='word_1_163' title='bbox 1393 3718 1545 3781; x_wconf 83' lang='lat' dir='ltr'>innocen-</span> 
     </span>
     <span class='ocr_line' id='line_1_24' title="bbox 421 3829 1543 3919; baseline -0.003 -21"><span class='ocrx_word' id='word_1_164' title='bbox 421 3839 508 3911; x_wconf 84' lang='lat' dir='ltr'>tiam,</span> <span class='ocrx_word' id='word_1_165' title='bbox 534 3833 590 3899; x_wconf 85' lang='lat' dir='ltr'>sed</span> <span class='ocrx_word' id='word_1_166' title='bbox 616 3848 837 3919; x_wconf 78' lang='lat' dir='ltr'>paupertatem</span> <span class='ocrx_word' id='word_1_167' title='bbox 861 3851 951 3896; x_wconf 85' lang='lat' dir='ltr'>suam</span> <span class='ocrx_word' id='word_1_168' title='bbox 976 3830 1101 3907; x_wconf 86' lang='lat' dir='ltr'>obiicit,</span> <span class='ocrx_word' id='word_1_169' title='bbox 1126 3852 1191 3895; x_wconf 94' lang='lat' dir='ltr'>non</span> <span class='ocrx_word' id='word_1_170' title='bbox 1218 3833 1279 3895; x_wconf 84' lang='lat' dir='ltr'>iam</span> <span class='ocrx_word' id='word_1_171' title='bbox 1306 3829 1424 3895; x_wconf 86' lang='lat' dir='ltr'>devita</span> <span class='ocrx_word' id='word_1_172' title='bbox 1448 3829 1543 3895; x_wconf 84' lang='lat' dir='ltr'>auda·</span> 
     </span>
    </p>
   </div>
   <div class='ocr_carea' id='block_1_9' title="bbox 420 4120 1530 4268">
    <p class='ocr_par' dir='ltr' id='par_1_9' title="bbox 420 4120 1530 4268">
     <span class='ocr_line' id='line_1_25' title="bbox 420 4120 1530 4191; baseline -0.004 -17"><span class='ocrx_word' id='word_1_173' title='bbox 420 4139 446 4174; x_wconf 88' lang='lat'>1·</span> <span class='ocrx_word' id='word_1_174' title='bbox 485 4127 520 4174; x_wconf 81' lang='lat' dir='ltr'>lta</span> <span class='ocrx_word' id='word_1_175' title='bbox 541 4123 613 4175; x_wconf 71' lang='lat' dir='ltr'>MSS.</span> <span class='ocrx_word' id='word_1_176' title='bbox 634 4123 713 4173; x_wconf 88' lang='lat' dir='ltr'>Corb.</span> <span class='ocrx_word' id='word_1_177' title='bbox 734 4122 822 4173; x_wconf 87' lang='lat' dir='ltr'>Germ.</span> <span class='ocrx_word' id='word_1_178' title='bbox 843 4122 920 4174; x_wconf 86' lang='lat' dir='ltr'>Coib.</span> <span class='ocrx_word' id='word_1_179' title='bbox 940 4122 1030 4175; x_wconf 85' lang='lat' dir='ltr'>Germ.</span> <span class='ocrx_word' id='word_1_180' title='bbox 1050 4122 1153 4174; x_wconf 81' lang='lat' dir='ltr'>Gemet.</span> <span class='ocrx_word' id='word_1_181' title='bbox 1172 4122 1222 4175; x_wconf 80' lang='lat' dir='ltr'>Alii</span> <span class='ocrx_word' id='word_1_182' title='bbox 1241 4138 1307 4191; x_wconf 88' lang='lat' dir='ltr'>quos</span> <span class='ocrx_word' id='word_1_183' title='bbox 1327 4120 1388 4173; x_wconf 80' lang='lat' dir='ltr'>editi</span> <span class='ocrx_word' id='word_1_184' title='bbox 1419 4135 1530 4189; x_wconf 87' lang='lat' dir='ltr'>sequun-</span> 
     </span>
     <span class='ocr_line' id='line_1_26' title="bbox 435 4211 584 4268; baseline -0.007 -7"><span class='ocrx_word' id='word_1_185' title='bbox 435 4226 484 4268; x_wconf 77' lang='lat' dir='ltr'>tur,</span> <span class='ocrx_word' id='word_1_186' title='bbox 504 4211 584 4261; x_wconf 74' lang='lat' dir='ltr'>iudea.</span> 
     </span>
    </p>
   </div>
   <div class='ocr_carea' id='block_1_10' title="bbox 0 0 1989 5400">
    <p class='ocr_par' dir='ltr' id='par_1_10' title="bbox 0 0 1989 5400">
     <span class='ocr_line' id='line_1_27' title="bbox 0 0 1989 5400; baseline 0 0"><span class='ocrx_word' id='word_1_187' title='bbox 0 0 1989 5400; x_wconf 95' lang='lat' dir='ltr'> </span> 
     </span>
    </p>
   </div>
  </div>
 </body>
</html>
