3909 5400
957 661 1193 741 -815-

535 837 832 1010 Soffiespondere
866 924 985 1011 quippe
1011 920 1143 988 cuilibet
1167 921 1319 999 dicimur,
1344 941 1418 986 cum
1443 918 1534 986 lactis
1557 921 1641 986 illius

512 1036 608 1121 digna
646 1057 744 1120 opera
769 1055 988 1120 repensamus.
1025 1030 1099 1100 ¹Deo
1123 1056 1201 1120 ergo
1242 1033 1447 1118 respondere,
1473 1052 1521 1098 est
1545 1032 1638 1098 donis
1673 1096 1679 1107 x

512 1142 581 1205 eius
605 1138 871 1225 praecedentibus,
896 1156 1007 1204 nostra
1030 1137 1186 1225 obsequia
1209 1137 1354 1204 reddere.
1385 1138 1479 1204 Unde
1503 1158 1535 1204 et
1559 1138 1639 1249 ppul-

511 1254 557 1317 nri
581 1251 721 1339 quidam,
747 1254 780 1316 in
805 1249 922 1339 quibus
946 1271 1057 1318 sancta
1080 1254 1228 1339 operatio
1259 1253 1412 1319 imitanda
1436 1256 1639 1339 proponitur,

511 1365 550 1431 ad
573 1364 834 1451 respondendum
859 1367 967 1451 scripti
992 1384 1225 1452 praenotantur.
1251 1367 1391 1434 Rectum
1417 1371 1524 1453 itaque
1549 1368 1638 1433 Deus

511 1471 677 1536 hominem
709 1471 864 1550 condidit,
899 1493 1038 1558 eumque
1063 1471 1102 1537 ad
1139 1493 1291 1559 perversa
1330 1471 1536 1551 defluentem,
1563 1494 1639 1538 cum

511 1574 757 1662 longanimitate
795 1575 957 1642 toleravit.
995 1576 1153 1656 Quotidie
1170 1577 1299 1662 culpam
1326 1580 1450 1664 aspicit,
1475 1596 1640 1645 ettamen

513 1681 646 1746 vivendi
679 1684 779 1766 spatia.
803 1704 869 1747 non
909 1685 1004 1747 citius
1027 1680 1196 1748 abscindit:
1230 1682 1314 1749 dona
1337 1682 1469 1768 largitur
1495 1683 1640 1769 benigni·

512 1813 576 1860 tate
600 1817 665 1874 sua,
690 1813 722 1859 et
747 1817 821 1882 erga
846 1795 947 1859 malos
973 1798 1073 1859 utitur
1098 1795 1154 1881 (t)
1179 1797 1332 1879 patientia
1363 1819 1428 1861 sua.
1453 1795 1640 1880 Responde·

513 1929 547 1973 re
572 1908 673 1973 homo
713 1925 762 1973 tot
788 1907 951 1974 beneficiis
988 1907 1093 1973 debet:
1118 1909 1172 1974 sed
1210 1926 1319 1975 tamen
1353 1909 1547 1994 respondere
1576 1931 1640 1975 me-

514 2036 618 2100 tuens,
642 2041 708 2086 non
744 2018 840 2086 valet:
866 2022 940 2107 quia
979 2020 1110 2086 humani
1137 2024 1265 2107 generis
1301 2021 1505 2086 conditorem
1530 2023 1585 2108 qui
1608 2045 1640 2088 a·

514 2121 598 2187 dlruc
622 2123 778 2188 serviliter
802 2122 962 2203 formidat,
989 2123 1204 2211 proculdubio
1228 2148 1295 2190 non
1319 2143 1414 2191 amat.
1450 2125 1533 2191 Nam
1558 2144 1639 2190 tunc

514 2235 620 2300 solum
658 2236 730 2302 Deo
767 2258 842 2302 vera
879 2233 1034 2323 obsequia
1072 2236 1246 2316 reddimus,
1287 2260 1361 2303 curn
1399 2259 1474 2303 eum
1507 2255 1640 2325 propter

514 2351 632 2414 auroris
655 2347 805 2414 fiduciam
830 2371 896 2415 non
921 2351 1085 2430 timemus;
1108 2370 1183 2415 cum
1207 2373 1268 2416 nos
1292 2349 1331 2417 ad
1356 2349 1440 2415 bona
1464 2371 1572 2435 opera,
1595 2348 1641 2416 af·

515 2460 630 2542 fectus,
654 2485 720 2527 non
756 2481 861 2528 metus
884 2462 1001 2549 dirigit,
1033 2484 1106 2528 cum
1143 2463 1263 2531 malurn
1294 2483 1413 2529 nostra:
1452 2465 1553 2529 menti
1577 2465 1640 2529 iam

513 2596 580 2639 non
605 2574 720 2660 placet,
745 2575 893 2641 etiamsi
930 2574 1018 2642 licet.
1056 2577 1140 2643 Nam
1165 2579 1221 2662 qui
1244 2598 1261 2641 a
1285 2575 1503 2662 perversitatis
1541 2596 1639 2660 opere

514 2700 554 2744 ex
579 2680 694 2745 timore
733 2681 949 2767 restringitur,
974 2703 1122 2767 perversa
1157 2679 1297 2745 libenter
1321 2696 1442 2780 agepet,
1467 2682 1493 2745 si
1517 2678 1639 2743 liceret.

514 2795 728 2881 Nequaquam
752 2817 830 2880 ergo
855 2795 1014 2859 veraciter
1038 2813 1145 2860 rectus
1169 2812 1225 2872 est,
1262 2795 1317 2879 qui
1341 2792 1443 2858 adhuc
1467 2816 1484 2858 a
1507 2794 1641 2877 pravita-

515 2909 555 2974 tis
580 2908 737 2996 desiderio
771 2908 851 2974 liber
876 2929 941 2973 non
973 2928 1031 2972 est.
1068 2908 1153 2972 Bene
1188 2908 1296 2991 itaque
1331 2904 1459 2971 dicitur.
1485 2903 1640 2989 «Neque

516 3016 604 3079 enirn
629 3034 761 3098 possum
793 3029 942 3076 metuens
976 3010 1181 3097 respondete:
1223 3036 1239 3071 »
1266 3010 1340 3095 quia
1379 3031 1455 3074 vera
1486 3008 1641 3093 obsequia

517 3128 588 3192 Deo
612 3147 679 3190 non
702 3123 876 3204 reddimus,
899 3126 925 3189 si
949 3145 989 3189 ex
1014 3127 1131 3190 timore
1155 3121 1313 3190 mandatis
1326 3121 1419 3203 illius,
1443 3141 1475 3188 et
1492 3143 1559 3188 non
1583 3143 1640 3208 po·

518 3241 580 3304 tius
604 3261 643 3303 ex
680 3259 789 3303 amore
827 3239 995 3303 servimus.
1012 3236 1075 3304 Sed
1100 3238 1154 3325 (2)
1180 3258 1255 3303 cum
1291 3240 1394 3304 menti
1425 3255 1545 3304 nostrae
1569 3239 1639 3300 eins

517 3350 695 3418 dulcedinis
718 3372 809 3417 amor
832 3351 1030 3431 accenditur,
1055 3374 1151 3417 omne
1176 3349 1372 3417 desiderium
1396 3351 1565 3436 praesentis
1594 3350 1641 3413 vi-

517 3487 560 3532 1ae
584 3467 752 3553 levigatur,
777 3468 809 3532 in
832 3465 966 3531 taedium
991 3464 1121 3530 dilectio
1145 3467 1313 3545 vertitur,
1349 3482 1445 3549 atque
1458 3462 1541 3528 hanc
1557 3481 1640 3525 'cum

517 3593 659 3637 nroerore
684 3594 776 3637 mens
809 3570 934 3651 tolerat,
958 3573 1011 3636 cui
1043 3573 1127 3640 victa
1161 3571 1248 3660 prius
1271 3568 1411 3659 reprobo
1445 3588 1555 3635 amore
1579 3585 1649 3633 ser·.

519 3675 636 3742 viebat.
662 3678 756 3743 Unde
780 3695 813 3742 et
837 3696 909 3763 apte
935 3675 1093 3742 subditur:

496 3955 880 3973 -.annun—umes·-

516 4003 543 4065 1)
580 4003 609 4054 ln
630 4002 731 4055 Bessar.
750 4003 824 4056 deest
840 4004 961 4073 patientia
979 4019 1025 4056 sua
1043 4002 1121 4059 Male.

515 4097 543 4164 a]
579 4098 683 4150 Ebroic.
702 4098 772 4151 Utic.
791 4099 890 4169 Lyran.
908 4100 1000 4169 Bigot.
1020 4100 1062 4152 sed
1077 4117 1134 4156 cum
1152 4115 1221 4154 arma
1243 4108 1331 4152 nostra
1349 4101 1401 4156 eiua
1414 4100 1555 4157 'dulcedinis
1579 4116 1646 4155 arrao-

531 4210 558 4243 rc
577 4193 723 4259 atteramur,
748 4195 816 4249 orani
833 4194 954 4251 desiderio
971 4199 1108 4267 praestnlit
1126 4199 1193 4254 taluc
1211 4198 1346 4269 testigatur.
