3909 5400
423 826 457 873 ut
484 807 609 894 pondus
635 806 765 895 quidem
792 827 999 894 peccatorum
1025 808 1152 887 toleret,
1190 805 1244 873 scd
1271 824 1376 872 tamen
1402 810 1473 895 quir
1499 825 1547 872 to·

421 921 512 1000 ierat,
537 924 674 1007 ignoret.
700 923 800 1007 Saepe
824 925 947 987 etiamsi
970 942 1148 1009 cognoscar
1171 943 1297 1010 quanto
1312 943 1400 989 reatu
1427 927 1546 1011 premi-

424 1053 476 1098 tur
512 1055 682 1117 erumpere
708 1033 762 1121 (ι)
795 1053 942 1114 conatur,
978 1057 1011 1100 et
1036 1058 1100 1100 non
1119 1014 1242 1135 potest:
1270 1054 1303 1099 ur
1343 1036 1430 1100 hunc
1454 1038 1485 1100 in
1512 1059 1544 1100 se

423 1158 535 1203 mente
560 1138 690 1218 libera,
715 1144 929 1206 conversione
953 1143 1077 1226 integra
1104 1161 1321 1227 persequatur.
1346 1139 1436 1208 Flere
1461 1161 1539 1226 crgo

422 1243 567 1309 dolorem
591 1265 686 1308 suum
719 1266 784 1309 non
811 1244 906 1324 valet,
943 1248 1017 1332 quia
1042 1265 1072 1311 et
1099 1247 1277 1331 iniquitatis
1301 1268 1377 1312 suae
1417 1264 1543 1312 reatum

425 1357 614 1437 considerat,
650 1377 814 1424 ettamen
855 1382 920 1444 prae
954 1378 1091 1425 terrenae
1126 1361 1351 1445 occupationis
1390 1358 1545 1446 pondere,

424 1460 504 1526 lmne
529 1464 556 1526 ei
595 1485 725 1548 gernere
767 1485 970 1550 nequiquam
1004 1481 1105 1528 vicar.
1133 1462 1223 1528 Flere
1260 1463 1408 1539 dolorem
1448 1485 1544 1528 suum

421 1587 487 1630 non
513 1565 607 1645 valet,
631 1569 684 1653 qui
710 1588 824 1652 pravae
850 1566 981 1654 quidem
1007 1566 1237 1632 consuetudini
1261 1570 1423 1632 contraire
1469 1569 1571 1649 uiti-¹

421 1689 483 1736 tur:
507 1672 563 1736 sed
586 1692 692 1737 tamen
717 1670 821 1737 adbuc
845 1672 1125 1738 succrescentibus
1158 1672 1325 1737 desideriis
1350 1675 1452 1737 carnis
1476 1695 1544 1758 gra·

422 1793 525 1839 vatur.
550 1776 652 1841 Huius
676 1766 795 1840 ddloris
819 1780 1020 1861 prescientia
1046 1776 1216 1860 Prophetae
1249 1794 1396 1840 mentem
1421 1780 1544 1841 crucia·

377 1938 385 1947 .
424 1907 523 1968 verat,
551 1911 623 1955 curn
650 1889 786 1955 dicebat:
815 1889 953 1955 «Dolor
978 1912 1069 1954 meus
1092 1890 1147 1976 (2)
1171 1908 1245 1954 ante
1271 1911 1322 1953 me
1339 1906 1386 1953 est
1409 1911 1544 1974 semper,

423 2003 574 2087 quoniam
601 2004 805 2088 iniquitatem
832 2024 937 2068 meam
961 1980 1228 2088 egupronuntio,
1252 2019 1284 2064 et
1310 2001 1460 2084 cogitabo
1485 2023 1543 2086 pro

422 2135 555 2200 peccato
579 2137 666 2179 meo.
693 2143 707 2177 n
736 2117 792 2201 (ς)
817 2114 878 2180 Sed
911 2113 1024 2180 solutis
1048 2118 1225 2203 iniquitatis
1264 2113 1402 2179 vinculis
1439 2113 1543 2179 dimis-

421 2249 490 2291 sum
516 2250 548 2292 se
572 2246 717 2307 noverat,
754 2230 808 2314 qui
836 2227 1003 2294 exultabat
1028 2228 1150 2293 dicens:
1187 2229 1388 2313 «Dirupisti
1414 2228 1541 2295 vincula
1603 2276 1611 2289 .

420 2363 502 2419 mea,
525 2339 582 2405 tibi
605 2341 789 2407 sacrificabo
815 2342 961 2408 hostiam
986 2340 1098 2409 laudis.
1125 2343 1182 2430 (4)

447 2468 502 2531 113
530 2447 626 2511 Tunc
652 2449 749 2534 igitur
771 2447 809 2514 ad
826 2432 1045 2534 plangendum
1063 2448 1211 2514 dolorem
1237 2468 1296 2513 nos
1311 2449 1468 2515 Dominus
1494 2448 1541 2513 di-

420 2563 530 2635 mittit,
555 2583 629 2625 curn
653 2582 685 2628 et
710 2563 791 2629 maie
816 2562 918 2641 nobis,
943 2544 1015 2648 quic
1044 2561 1185 2639 fecimus,
1210 2561 1419 2628 demonstrat:
1444 2581 1539 2647 atque

420 2664 458 2731 ad
482 2664 552 2730 haec
587 2669 700 2733 endem
725 2656 840 2747 fienda,
881 2689 952 2755 quae
979 2669 1217 2752 cognoscimus,
1254 2665 1393 2731 adiuvat.
1422 2665 1540 2750 Culpas

420 2779 521 2845 oculis
554 2780 677 2860 obiicit,
702 2798 733 2845 et
773 2782 823 2865 pia
847 2803 944 2845 manu
969 2782 1091 2866 grutiae,
1130 2777 1260 2843 vincula
1293 2776 1400 2842 cordis
1430 2777 1539 2843 solvit:

420 2912 455 2957 ut
479 2894 518 2959 ad
554 2897 759 2962 vocatiouem
797 2895 1000 2978 poenitentiae
1040 2914 1130 2957 mens
1170 2909 1278 2957 nostra
1303 2913 1336 2956 se
1368 2891 1483 2976 erigat,
1508 2908 1540 2957 et

419 3011 522 3075 carnis
547 3009 650 3075 soluta
674 3007 893 3093 compedibus,
919 3008 949 3071 in
975 3024 1141 3072 auctorem
1165 3025 1258 3070 suum
1283 3002 1380 3070 libera
1394 3025 1539 3090 gressum

420 3125 537 3188 amoris
562 3121 682 3188 tendat.

490 3259 549 3321 114
564 3235 756 3322 Plepumque
770 3235 891 3301 etenim
909 3237 1007 3300 vitam
1026 3251 1167 3298 nostram
1193 3234 1250 3316 ipsi
1265 3231 1538 3319 reprehendimus,

418 3348 472 3413 sed
498 3367 602 3414 tamen
628 3348 763 3414 libenter
788 3350 910 3434 agimus
934 3348 1006 3425 hoc,
1032 3345 1118 3435 quod
1143 3349 1174 3411 in
1199 3344 1292 3411 nobis
1317 3363 1404 3411 recte
1429 3367 1540 3430 repro·

419 3459 539 3529 burnus
566 3461 612 3527 nd
639 3464 791 3527 iustitiam
815 3462 943 3547 spiritns
967 3482 1026 3525 nos
1050 3460 1155 3546 erigit,
1194 3458 1232 3526 ad
1270 3456 1537 3524 consuetudinem
1575 3451 1583 3468 '

415 3822 442 3888 1)
482 3823 583 3873 Bessar.
605 3824 630 3873 in
651 3824 771 3896 lucrymis.

413 3921 442 3984 2)
479 3921 515 3972 lta
535 3918 637 3972 Gemcr.
658 3933 683 3972 et
710 3920 789 3994 §orb
810 3920 898 3974 Germ.
918 3935 965 3989 pro
984 3926 1125 3973 contrarie
1144 3933 1169 3972 et
1192 3895 1366 3989 pronuntiabo.
1387 3916 1438 3972 ‚ilii
1459 3934 1524 3988 quo-

430 4023 480 4074 que
500 4006 572 4057 MSS.
593 4005 692 4074 passini
711 4006 817 4067 hubent,
836 4008 978 4077 prorrurriio.
999 4023 1053 4060 nou
1068 4007 1242 4078 pronuntiato.

415 4105 440 4171 ς]
478 4104 521 4154 Ps.
543 4116 582 4167 37.
605 4105 644 4155 18.
664 4117 690 4156 et
712 4119 751 4168 19.

412 4204 442 4265 4)
480 4200 663 4265 Ps.115.17.
