3909 5400
855 626 1093 705 -701-

416 803 589 909 tamara
618 810 690 886 aul
717 828 883 886 arescere
909 808 1104 884 carectum
1132 799 1216 883 sitta
1242 826 1351 907 aqua
1378 798 1400 880 ‚2

433 1077 573 1245 74ξυὶ
596 1156 728 1226 Baldath
751 1160 904 1246 scirpum,
930 1158 982 1225 vel
1006 1175 1170 1224 carectum
1186 1158 1443 1244 compatet,ipse
1468 1176 1538 1243 pro·
1588 1153 1590 1155 ’

412 1275 498 1338 tiuus
522 1272 623 1358 aperit
648 1292 722 1336 cum
746 1273 923 1360 subiungit:

834 1533 987 1603 CAPUT
1031 1534 1121 1600 XLII

499 1802 730 1911 Hypoorita
758 1800 957 1882 bonorum
987 1826 1156 1906 operum
1200 1800 1377 1907 speoiom
1407 1865 1417 1905 ,
1446 1827 1534 1881 non

420 1934 600 2031 fructum
629 1933 766 2015 habai.

508 2249 609 2332 Cum
636 2250 766 2333 aditae
807 2252 859 2332 sil
887 2252 933 2332 ita
959 2250 1079 2356 flore,
1122 2276 1189 2332 aec
1222 2256 1418 2357 carpatur
1454 2279 1538 2332 mo-

423 2409 492 2487 na,
521 2390 613 2464 uate
640 2408 770 2464 omues
800 2380 940 2465 heroas
968 2384 1124 2464 arescit:
1166 2366 1312 2487 sicl2)
1346 2383 1432 2465 ariae
1459 2411 1535 2466 om·

422 2516 539 2595 aium
567 2515 639 2620 qai
666 2513 959 2596 obliviscuntur
1000 2512 1142 2617 Deum,
1171 2520 1206 2595 et
1234 2542 1321 2622 spes
1355 2516 1539 2624 hypocri-

427 2636 675 2743 immffln

442 2949 622 3116 wscirpi
660 3050 738 3114 ergo
764 3026 815 3093 vel
841 3028 958 3093 carecti
983 3028 1127 3105 nomine,
1168 3024 1356 3111 hypocritae
1381 3025 1481 3088 vitam
1505 3025 1545 3089 si·

421 3164 531 3231 gnant,
564 3164 636 3229 quae
670 3145 811 3228 speciem
836 3140 968 3228 quidem
1005 3138 1176 3205 viriditatis
1201 3135 1309 3216 habet,
1334 3134 1388 3200 sed
1425 3134 1463 3201 ad
1488 3135 1547 3200 hu·

421 3278 534 3322 manos
558 3276 632 3319 usus
655 3255 710 3341 (3)
736 3253 878 3320 fructum
903 3254 1052 3321 utilitatis
1088 3276 1154 3320 non
1178 3251 1284 3334 habet;
1323 3273 1404 3337 quae
1433 3252 1547 3317 sterili-

423 3387 487 3434 tate
513 3370 619 3454 operis
642 3366 728 3433 arida
752 3388 956 3453 permanens,
981 3366 1053 3433 solo
1091 3368 1271 3433 sanctitatis
1297 3364 1405 3430 colore
1431 3367 1550 3432 viride·

424 3484 497 3548 scit.

489 3600 541 3683 76.
566 3594 629 3662 Sed
654 3616 759 3682 neque
783 3596 851 3660 sine
876 3595 1012 3662 humore
1035 3597 1167 3683 scirpus,
1185 3614 1290 3681 neque
1314 3594 1475 3679 sineaqua
1499 3614 1550 3658 ca-

424 3730 550 3777 rectum
576 3708 713 3796 proficit:
742 3711 815 3796 quia
840 3709 1084 3795 hypocritarum
1109 3712 1175 3776 vita
1205 3708 1245 3776 ad
1270 3707 1356 3774 bona
1378 3730 1477 3795 opera
1504 3709 1551 3773 in-

422 3823 582 3890 fusionem
608 3822 739 3910 quidem
763 3826 893 3908 superni
929 3825 1071 3890 muneris
1103 3825 1249 3910 percipit,
1273 3822 1328 3889 sed
1354 3823 1386 3887 in
1427 3826 1551 3888 cunctis

420 4112 448 4178 2]
487 4111 568 4163 Cotb.
589 4110 680 4163 Germ.
699 4112 774 4162 ailae.

421 4215 448 4271 3)
486 4205 614 4258 Nonnulli
632 4206 706 4259 MSS.
722 4210 814 4275 srrrtla
835 4205 996 4258 hrrmiu'tatis.
