3909 5400
853 674 1087 757 —839-

412 852 503 897 tnens
528 848 636 897 nostra
660 830 691 896 in
716 827 897 918 superbiam
921 827 1035 897 audeat
1061 830 1321 916 praesumptione
1345 851 1419 897 suae
1443 852 1534 896 secu·

413 940 515 1002 titatis
539 936 667 1002 elevati:
692 955 727 1001 ut
750 934 826 1002 dum
852 936 975 1021 pulsata
1013 934 1161 1022 trepidat,
1186 939 1218 1002 itt
1247 937 1317 1002 solo
1341 938 1481 1003 auctoris
1504 959 1536 1002 a·

414 1047 566 1128 diutorio,
590 1050 657 1134 spei
691 1048 806 1136 pedem
828 1048 994 1143 robustius
1032 1047 1119 1135 figat.
1145 1047 1239 1116 Unde
1278 1065 1310 1114 et
1336 1046 1440 1115 adhuc
1463 1063 1536 1136 apte

414 1161 629 1249 subiungitur:

833 1388 986 1458 catur
1016 1361 1113 1455 ivn.

501 1615 616 1718 Quod
642 1619 862 1726 aliquando
890 1619 1003 1724 iusti,
1024 1645 1075 1699 ne
1104 1616 1154 1698 de
1183 1645 1257 1699 sua
1275 1618 1436 1700 iustitia
1464 1619 1527 1699 in·-

420 1748 667 1846 tumescant,
697 1742 844 1822 eadere
872 1742 1182 1847 permittuntur.

503 2003 559 2086 Et
585 2012 749 2112 propiet·
775 2006 1013 2112 superbiam,
1056 2007 1174 2114 quasi
1203 2005 1377 2088 leaenam
1404 2003 1532 2113 capies

425 2163 495 2216 ate.

513 2369 548 2400 Q.-

447 2376 672 2545 1055Eeaena
696 2478 771 2524 curn
795 2478 901 2526 escam
938 2455 1050 2527 catulis
1072 2459 1212 2546 exquirit
1250 2456 1407 2524 inhianter
1431 2457 1464 2522 iu
1495 2452 1511 2521 f
1531 2492 1541 2503 ·

422 2594 515 2636 veatn
540 2573 699 2656 captionis
722 2576 796 2638 ruit.
831 2573 923 2637 Sicut
947 2574 1035 2637 enim
1060 2595 1100 2637 ea
1125 2570 1315 2658 quibusdam
1354 2567 1542 2656 regionibus

421 2684 532 2765 fertur,
556 2683 591 2751 fit
615 2687 648 2752 in
682 2687 750 2752 eius
787 2688 900 2753 itinere
924 2683 1037 2763 fovea,
1075 2686 1108 2750 iu
1132 2708 1194 2771 qua
1218 2706 1317 2769 pecus
1352 2683 1539 2768 deponitur,

423 2808 458 2855 ut
484 2791 558 2856 illuc
582 2815 613 2857 se
638 2795 706 2857 eius
729 2796 873 2878 appetitu
898 2792 1055 2876 proiicete
1094 2788 1203 2855 leaena
1226 2806 1434 2874 provocetur:
1461 2807 1541 2872 quae

423 2921 559 2988 angusta
582 2903 675 2970 simul
699 2922 732 2969 et
755 2906 817 2970 alta
840 2921 1047 2990 praeparatur,
1072 2920 1107 2966 ut
1131 2906 1164 2968 in
1187 2924 1257 2968 eant
1282 2922 1375 2967 tuere
1400 2900 1543 2967 ambien-

424 3005 465 3069 do
492 3004 605 3084 valeat,
629 3006 683 3070 sed
709 3007 790 3072 hanc
813 3006 954 3072 saliendo
978 3004 1069 3071 nullo
1093 3005 1193 3071 modo
1217 3004 1341 3070 evadat.
1371 3002 1442 3070 Alia
1466 3025 1543 3091 quo·

424 3142 485 3207 que
508 3116 611 3198 fovea,
634 3135 715 3207 quae
739 3121 838 3207 priori
861 3118 1032 3199 cohaereat,
1057 3117 1216 3185 effoditur:
1242 3140 1323 3206 quae
1364 3137 1471 3184 tanrcu
1496 3121 1536 3195 ei,

426 3228 546 3311 inqua
570 3246 670 3310 pecus
705 3242 951 3303 ostentemus
987 3226 1085 3311 partis
1118 3226 1284 3310 apertione
1324 3225 1542 3307 coniungitur.

425 3339 548 3426 Inque
583 3339 735 3403 nimirum
761 3360 857 3403 cavea
896 3341 1037 3423 ponitur,
1070 3355 1106 3403 ut
1129 3336 1230 3403 leaena
1270 3358 1435 3415 corruens,
1471 3337 1546 3423 quia

426 3453 563 3539 desuper
599 3450 775 3518 terroribus
800 3471 944 3537 urgetur,
985 3473 1057 3516 curn
1083 3454 1171 3538 quasi
1195 3453 1228 3516 itt
1252 3452 1418 3516 secretiori
1455 3469 1544 3535 parte

426 3554 538 3623 foveae
572 3556 735 3623 occultare
759 3579 792 3622 se
831 3559 963 3644 appetit,
1005 3578 1135 3623 caveam
1160 3554 1273 3620 volens
1309 3556 1416 3620 intret:
1458 3556 1547 3617 cuius

428 3673 489 3735 iant
514 3673 645 3736 saevitia
669 3691 872 3757 nequaquam
908 3671 1180 3756 pertimescitur,
1205 3669 1279 3754 quia
1315 3666 1418 3732 clausa
1442 3668 1473 3731 itt
1502 3685 1547 3731 ca·

429 3800 487 3843 vea
511 3777 645 3842 levatur.
671 3778 763 3853 Quae
788 3777 875 3841 enirn
910 3797 965 3841 sua
989 3791 1104 3860 sponte
1129 3776 1160 3839 in
1199 3772 1328 3839 foveam
1353 3773 1484 3849 corruit,
1510 3769 1549 3836 ad

428 3893 609 3977 superiores
632 3908 737 3976 partes
762 3892 974 3977 circumsepta
999 3886 1146 3952 vectibus
1184 3887 1276 3953 redit.
1300 3888 1353 3952 Sic
1377 3886 1422 3950 sic
1455 3884 1549 3950 nimi·

428 4026 500 4069 runa
526 4002 664 4069 humana
689 4024 780 4068 mens
805 4020 896 4089 capta
919 4020 978 4082 est,
1004 4024 1085 4089 quae
1110 4003 1141 4068 in
1166 4001 1313 4068 libertate
1330 3999 1452 4068 arbitrii
1476 4022 1550 4066 con·

430 4110 504 4186 dita,
531 4109 607 4173 dutn
632 4109 754 4173 nutrire
793 4107 950 4174 desideria
975 4108 1077 4173 carnis
1111 4108 1278 4193 appetivit,
1318 4107 1405 4195 quasi
1439 4103 1550 4171 leaena

431 4223 546 4291 catulis
571 4245 675 4290 escam
702 4225 872 4313 quaesivit,
896 4240 991 4316 atque
1017 4224 1048 4291 in
1088 4221 1287 4309 deceptionis
1310 4240 1385 4288 suae
1422 4216 1552 4286 foveam
