3909 5400
887 687 1044 770 -·799
1072 734 1124 746 -

444 863 475 911 et
500 844 723 913 benedixerint
749 844 818 912 Deo
842 846 876 912 in
900 845 1051 912 cordibus
1074 846 1148 911 suis.
1173 870 1189 907 n
1216 845 1271 933 (i)
1295 844 1459 913 Affectum
1484 869 1562 936 ergo

442 960 672 1046 compassionis
697 959 854 1041 exercuit5
879 961 952 1045 quia
976 960 1046 1046 ipse
1080 960 1119 1025 de
1144 981 1176 1024 se
1200 961 1381 1028 amicorum
1405 964 1566 1049 quaestio·

443 1069 538 1136 nibus
577 1090 717 1152 exactus,
757 1070 843 1138 dicit:
871 1070 1045 1138 «Flebam
1086 1072 1249 1160 quondam
1273 1096 1369 1160 super
1409 1096 1485 1141 eum
1509 1077 1565 1162 qui

443 1183 581 1250 afflictus
606 1204 683 1251 erat.
709 1210 725 1248 t>
751 1185 806 1273 (2)
831 1186 1050 1253 ministerium
1074 1190 1201 1274 pietatis
1237 1188 1407 1273 impendit,
1432 1190 1486 1275 qui
1511 1190 1565 1254 ait:

444 1299 613 1366 «Oculus
647 1298 694 1366 fui
719 1320 827 1380 caeco,
851 1318 883 1366 et
908 1322 967 1390 pes
1008 1301 1133 1367 claudo,
1159 1328 1175 1364 ›>
1201 1301 1257 1388 (3)
1283 1303 1448 1368 Castitatis
1472 1323 1566 1365 mun·
1618 1378 1620 1383 Ι

441 1410 552 1479 ditium
576 1416 607 1478 in
634 1412 730 1479 ccede
755 1413 941 1492 custodivit,
959 1417 1015 1502 qui
1039 1414 1231 1482 obtestando
1249 1438 1281 1481 se
1305 1417 1417 1501 aperit,
1441 1412 1563 1479 dicens:

444 1549 460 1587 e
485 1527 518 1592 Si
540 1524 714 1613 deceptum
739 1546 787 1593 eet
819 1547 875 1592 cor
900 1550 1010 1592 meum
1034 1549 1129 1614 super
1167 1528 1349 1594 mulierem.
1375 1553 1391 1590 n
1418 1527 1564 1614 (.1)Hu·

441 1630 584 1697 militatis
608 1632 747 1699 Culmcn
772 1631 958 1698 medullitus
984 1637 1098 1712 tenuit,
1124 1635 1179 1722 qui
1203 1633 1290 1699 dicit:
1318 1658 1334 1695 «
1359 1635 1392 1700 Si
1415 1650 1564 1698 contem·

440 1746 486 1831 psi
511 1742 664 1811 iudicium
688 1745 794 1812 subice
820 1767 893 1811 cum
917 1768 1013 1813 servo
1037 1764 1167 1813 meoet
1191 1746 1304 1815 aneilla
1328 1768 1497 1823 mea,cum
1521 1744 1565 1812 di·
1654 1752 1659 1763 “

441 1878 627 1947 sceptarent
650 1859 820 1927 adversum
846 1882 908 1926 me.
934 1886 949 1923 tt
977 1861 1034 1948 (5)
1074 1860 1232 1926 Beneficii
1256 1860 1411 1945 largitatis
1436 1862 1563 1945 impen-

440 1969 496 2049 dit,
533 1974 588 2057 qui
612 1974 664 2038 ait:
691 1997 708 2034 «
732 1974 766 2039 Si
799 1972 928 2038 comedi
952 1972 1131 2039 buccellam
1171 1996 1276 2038 meam
1305 1972 1403 2051 solus,
1438 1992 1470 2038 et
1494 1995 1559 2039 non

441 2077 584 2143 comedit
626 2077 764 2165 pupillus
788 2101 827 2143 ex
852 2100 898 2145 ea.
924 2103 940 2140 n
968 2078 1024 2166 (6)
1048 2081 1087 2147 Et
1111 2101 1251 2145 rursum:
1278 2080 1442 2145 «Sinon
1467 2077 1563 2143 bene·
1611 2138 1619 2149 ..

440 2180 591 2246 dixerunt
618 2180 697 2248 mihi
720 2182 817 2249 latera
842 2185 920 2261 eius,
944 2200 977 2249 et
1000 2181 1040 2249 de
1079 2183 1251 2250 velleribus
1274 2185 1385 2248 ovium
1414 2204 1561 2250 mearum

441 2283 610 2350 calefactus
634 2306 692 2351 est.
717 2311 734 2349 ι)
760 2286 815 2373 (7)
839 2288 983 2354 Gratiam
1008 2286 1232 2376 hospitalitatis
1255 2278 1490 2375 exhibuit‚'qui
1514 2287 1562 2354 di·
1627 2328 1629 2332 ·

441 2392 494 2456 cit:
521 2414 538 2452 e
563 2391 653 2458 Foris
675 2415 742 2459 non
767 2395 886 2460 mansit
926 2396 1125 2481 peregrinus,
1164 2397 1284 2461 ostium
1308 2415 1417 2459 meum
1443 2395 1561 2462 viatori

439 2505 553 2588 patuit.
578 2529 595 2566 t)
620 2504 676 2593 (8)
701 2506 739 2573 Et
765 2508 848 2571 inter
872 2505 951 2572 lmec
975 2505 1013 2573 ael
1039 2507 1197 2574 virtutum
1221 2507 1276 2595 (9)
1310 2507 1477 2572 cumulum
1503 2528 1560 2593 per

439 2616 703 2702 excellentiorem
728 2620 812 2685 viam
853 2621 1001 2698 caritatis,
1026 2639 1058 2685 et
1098 2622 1245 2686 inimicos
1279 2618 1400 2697 dilexit,
1426 2620 1481 2707 qui
1504 2620 1558 2685 ait:

441 2732 515 2797 «Si
537 2734 664 2817 gavisus
693 2753 769 2824 nsum
792 2731 832 2799 ad
870 2734 996 2799 ruinam
1032 2735 1101 2797 eius
1126 2734 1181 2819 qui
1221 2753 1271 2796 me
1288 2731 1411 2798 oderat.
1437 2754 1454 2792 i>
1480 2730 1558 2816 (10)

438 2844 478 2910 Et
502 2866 640 2912 tursum:
668 2871 685 2909 e
708 2829 789 2913 Non*
808 2848 895 2911 enim
919 2845 994 2913 dedi
1018 2845 1057 2913 ad
1082 2844 1281 2932 peccandum
1307 2861 1418 2929 guttur
1436 2863 1557 2922 meum,

438 2973 474 3021 ut
497 2977 683 3042 expeterem
707 2958 902 3025 maledicens
925 2960 1065 3029 animam
1088 2962 1166 3025 eius.
1191 2955 1372 3045 (11)Quid
1389 2977 1467 3043 ergo
1481 2956 1558 3043 (12)

425 3747 461 3816 ’7)
496 3751 605 3805 Ibidem.
625 3769 667 3807 20.

430 3847 460 3911 8)
496 3848 604 3901 Ibidem.
624 3863 665 3916 32.

430 3935 460 4002 9)
497 3934 564 3988 Vtic.
584 3948 610 3990 et
629 3925 816 3994 alil'Norman.
837 3940 946 4010 culmem
966 3960 1021 4000 non
1040 3945 1121 4002 Corb.
1140 3945 1230 4005 Germ.

413 4034 460 4097 10)
498 4032 563 4084 lbid.
583 4045 625 4100 29.
699 4083 706 4100 ,

413 4127 458 4191 11)
494 4128 558 4180 Ibid.
579 4142 619 4195 30.

413 4225 460 4293 12)
496 4224 596 4279 Turon.
617 4226 698 4284 Corb.
718 4229 777 4287 Col.
795 4232 838 4286 vir
855 4238 953 4288 sanctus
972 4246 1023 4290 etc.
1043 4252 1106 4309 quae
1123 4253 1184 4309 ergo
1202 4236 1320 4295 Nonum
1338 4252 1388 4296 etc.
