3909 5400
896 657 1128 739 -843-

441 813 529 880 Deus
556 811 639 879 unde
665 828 809 880 mentem
834 831 977 881 nostram
1002 815 1148 899 visitans,
1172 813 1211 882 ad
1235 836 1380 883 amorem
1417 840 1510 885 suum
1535 841 1567 886 e·

439 929 524 1016 tigit,
548 926 621 995 inde
646 928 727 995 hanc
752 948 808 1013 per
838 926 996 1014 lacrymas
1019 931 1149 1015 gravius
1184 926 1310 1016 affligit.
1333 933 1382 996 Ac
1405 932 1430 996 si
1455 949 1564 1017 aperte

439 1034 533 1101 dicat:
559 1032 785 1122 Relinquendo
809 1055 872 1112 me,
889 1054 1093 1122 nequaquam
1118 1033 1226 1114 afficis,
1241 1036 1316 1122 quia
1340 1035 1563 1103 insensibilem

438 1147 556 1215 reddis:
579 1146 638 1213 sed*
660 1168 733 1213 cum
757 1148 941 1226 reverteris,
981 1148 1113 1229 crucias,
1149 1148 1305 1236 quidum
1341 1167 1373 1214 te
1409 1147 1561 1231 insinuas,

435 1253 515 1322 mihi
538 1276 590 1321 me
614 1274 710 1342 quam
734 1254 794 1320 sim
817 1251 976 1340 lugendus
1000 1305 1009 1334 ,
1029 1251 1241 1321 demonstras.
1266 1253 1362 1323 Unde
1386 1273 1420 1321 et
1439 1277 1560 1344 nequa-

437 1381 533 1447 qnam
556 1381 590 1425 se
629 1358 816 1446 poenaliter,
850 1358 905 1424 sed
940 1355 1129 1425 mirabiliter
1163 1359 1274 1425 asserit
1298 1361 1443 1438 cruciari,
1484 1362 1557 1446 quia

436 1464 514 1530 dum
537 1485 595 1550 per
616 1462 730 1529 fletum
770 1483 860 1528 mens
883 1460 922 1530 ad
956 1483 1083 1529 summa
1121 1464 1256 1550 rapitur,
1292 1466 1558 1549 compunctionis

434 1599 509 1644 suae
533 1599 671 1664 poenam
695 1577 837 1663 gaudens
862 1577 1004 1644 miratur:
1029 1593 1062 1642 et
1086 1574 1166 1642 libet
1189 1575 1283 1655 affici,
1314 1579 1388 1665 quia
1410 1577 1559 1645 afflictio-

435 1705 476 1748 ne
499 1705 556 1750 sua
579 1705 612 1748 se
652 1684 808 1770 conspicit
832 1681 870 1749 ad
895 1680 957 1749 alta
994 1680 1166 1749 sublevari.
1206 1683 1307 1768 Saepe
1331 1700 1442 1750 autem
1482 1704 1556 1748 cum

434 1820 494 1864 nos
518 1821 535 1864 a
558 1799 660 1864 sancti
683 1794 831 1864 desiderii
854 1797 1087 1862 exercitatione
1111 1812 1295 1881 torpescere
1328 1818 1466 1884 superna
1491 1800 1557 1883 pie·

432 1930 480 1980 tas
503 1912 616 1992 cernit,
641 1909 787 1997 exempla
811 1930 843 1976 se
867 1910 1074 1996 sequentium
1097 1911 1214 1975 nostris
1237 1907 1407 1975 obtutibus
1424 1907 1555 1976 obiicit:

433 2044 469 2091 ut
492 2047 585 2092 mens
611 2045 667 2110 per
705 2026 811 2091 otium
849 2023 990 2103 remissa,
1015 2043 1081 2110 quo
1120 2024 1153 2088 in
1177 2020 1244 2089 aliis
1268 2022 1324 2111 (1)
1348 2021 1554 2111 vigilantium

431 2158 606 2225 provectus
629 2137 821 2216 considerat,
846 2158 885 2203 eo
911 2137 999 2203 inse
1023 2136 1079 2224 (2)
1103 2135 1333 2224 pigritudinem
1351 2138 1492 2224 torporis
1516 2160 1549 2204 e-

431 2252 587 2321 rubescat.
612 2251 707 2321 Unde
731 2271 763 2318 et
787 2269 874 2319 tecte
898 2249 1116 2338 subiungitur:

851 2486 1002 2555 CAPUT
1040 2488 1126 2556 LIX.

510 2726 625 2828 Quod
653 2726 774 2809 electi
802 2733 946 2807 eontra
973 2750 1049 2805 nos
1077 2730 1204 2805 testes
1250 2723 1329 2805 Dei
1357 2731 1466 2830 sunt,
1497 2733 1542 2806 ut

432 2860 505 2967 qui
532 2858 782 2965 negligimus
810 2863 1027 2963 praecepta,
1074 2882 1127 2935 ex
1155 2853 1328 2936 adverso
1371 2855 1542 2937 confun-

432 2990 579 3072 damur
607 3016 681 3095 per
710 2996 945 3072 sanctorum
966 2985 1169 3093 exempla.

507 3281 727 3365 instauras
755 3288 867 3364 testes
895 3287 984 3362 tuos
1028 3286 1168 3361 contra
1195 3307 1252 3364 me
1279 3286 1315 3361 ei
1343 3279 1543 3386 multipli-

427 3440 493 3494 cas
520 3415 626 3495 irum
656 3419 779 3518 tuom,
808 3418 843 3492 et
870 3437 1007 3516 poeuue
1034 3409 1218 3492 militani
1246 3411 1290 3491 in
1319 3438 1391 3491 me.

425 3673 629 3851 tod‘ssestes
652 3761 738 3827 enim
766 3760 824 3826 Dei
848 3778 934 3841 sunt,
959 3761 1014 3849 qui
1038 3782 1094 3847 per
1130 3760 1319 3827 exercitium
1344 3764 1445 3828 sancti
1468 3784 1544 3849 ope-

415 4030 442 4092 1)
479 4028 838 4098 Bessanvigiiantiamqnod
853 4028 947 4082 melius
979 4029 1084 4085 ridetur
1112 4032 1147 4084 ob
1200 4044 1353 4102 sequentem
1376 4029 1530 4100 pigrediuem

411 4125 442 4189 s)
460 4123 589 4176 Norman.
610 4124 715 4178 Vindoc
734 4138 782 4178 etc.
800 4134 843 4195 per
861 4125 1023 4197 pigrediurm.
1045 4126 1123 4181 Colb.
1143 4127 1223 4181 Corb.
1257 4127 1347 4182 Germ.
1365 4126 1528 4198 pigredinem.

430 4219 526 4288 Germ.¹
540 4221 730 4291 pigritudinem.
752 4222 809 4275 sine
825 4232 876 4291 per.
