3909 5400
844 720 897 731 -
926 675 1000 754 791
1032 717 1085 731 -·

826 820 979 889 CAPUT
1003 821 1133 888 XXXI.

500 1038 628 1141 Quem
657 1040 914 1148 expectando
942 1041 1101 1123 odorati
1130 1049 1239 1145 sunt,
1269 1039 1357 1123 eius
1385 1040 1536 1125 nosti·

421 1191 469 1245 su
498 1173 539 1246 eh
568 1165 707 1246 fructu
735 1166 947 1248 satiamur.

453 1526 458 1531 .
499 1444 839 1528 Perirorrsa'erurat
866 1447 986 1553 quasa·
1013 1471 1135 1545 nares·
1174 1473 1303 1551 paura
1314 1449 1535 1553 portantes.

510 1703 527 1767 p
1143 1745 1148 1753 .

440 1715 579 1874 §iffi
604 1789 658 1873 qui
682 1810 779 1874 poma
803 1786 984 1856 deferentes
1007 1790 1105 1856 maria
1140 1802 1347 1865 transmeant,
1386 1783 1444 1870 ipsi
1469 1782 1540 1871 qui·
1577 1828 1582 1838 ι

415 1899 490 1965 dem
514 1898 682 1967 fructuum
703 1900 804 1967 odore
844 1901 1064 1989 perfruuntur,
1090 1902 1147 1968 sed
1170 1898 1347 1966 eorundem
1373 1895 1539 1962 fructuum

415 2003 482 2068 aliis
506 2002 595 2069 cibos
619 2003 737 2070 ferunt.
760 2006 849 2084 Quid
875 2009 973 2092 igitur
997 2007 1119 2093 antiqui
1143 2024 1257 2092 patreS,
1279 2003 1338 2069 nisi
1363 2023 1461 2067 naves
1485 2020 1539 2085 po·

417 2132 468 2174 ma
493 2127 656 2194 portantes
695 2112 887 2178 extiterunt?
912 2115 979 2190 Qui
1018 2113 1137 2178 divinae
1169 2109 1397 2177 incarnationis
1420 2121 1540 2192 myste-

416 2218 501 2289 rium
526 2216 765 2301 prophetantes,
790 2219 848 2304 ipsi
874 2218 1005 2306 quidem
1030 2219 1098 2304 spei
1121 2215 1226 2284 odore
1248 2215 1344 2301 potiti
1368 2228 1459 2291 sunt,
1482 2207 1538 2276 sed

326 2408 330 2415 .
416 2319 509 2385 nobis
544 2319 686 2387 fructum
722 2321 761 2387 de
815 2324 960 2390 eiusdem
998 2326 1066 2411 apti
1102 2321 1299 2411 perfectione
1340 2317 1538 2388 detulerunt.

416 2435 515 2512 Quod
540 2439 626 2509 enim
651 2435 695 2503 ilii
720 2439 921 2524 expectando
946 2437 1073 2504 odorati
1111 2455 1197 2517 sunt,
1236 2435 1299 2500 hoc
1324 2455 1384 2499 nos
1408 2452 1539 2496 cernen-

416 2548 459 2613 do
483 2567 515 2614 et
539 2550 750 2637 percipiendo
773 2556 938 2619 satiamur.
964 2552 1059 2621 Unde
1083 2571 1116 2618 et
1133 2551 1333 2640 Redemptor
1357 2548 1412 2637 (1)
1437 2545 1539 2612 isdem

417 2663 579 2751 discipulis
603 2663 693 2733 dicit:
710 2692 726 2729 a
741 2665 804 2764 alii
827 2666 1066 2748 laboraverunt,
1081 2684 1113 2733 et
1140 2690 1200 2733 vos
1218 2669 1251 2733 in
1274 2664 1399 2732 labores
1422 2680 1538 2728 eorum

418 2781 588 2847 introistis.
616 2807 631 2844 u
659 2783 714 2868 (2)
737 2784 889 2861 Quorum
913 2781 1065 2849 videlicet
1099 2780 1165 2848 dies
1199 2793 1428 2865 comparantur
1452 2772 1539 2839 navi·

417 2892 486 2972 bus,
512 2897 586 2980 quia
621 2894 810 2977 decurrunt3
835 2915 866 2962 et
906 2915 995 2964 tecte
1021 2917 1116 2981 poma
1155 2890 1370 2982 portantibus,
1407 2889 1481 2974 quia
1504 2907 1537 2949 e·

416 3006 519 3071 lectos
544 3031 668 3088 omnes,
693 3031 774 3095 quos
798 3028 872 3076 ante
897 3008 1127 3096 Redemptoris
1152 3007 1362 3094 praesentiam
1381 3002 1538 3090 {gestave-

417 3139 504 3199 runt‚
528 3143 584 3206 per
609 3121 796 3209 prophetiae
820 3121 992 3188 valuerunt
1016 3124 1165 3210 spiritum
1193 3120 1417 3206 expectatione
1441 3113 1504 3202 [ref
1524 3148 1538 3162 ·

417 3256 597 3316 vere‚non
621 3253 729 3300 autem
754 3233 920 3302 manifesta
952 3235 1150 3301 exhibitione
1186 3233 1328 3301 reficere.
1352 3228 1414 3298 Vel
1438 3244 1536 3304 certe,

418 3343 491 3424 quia
515 3361 612 3404 naves
637 3328 710 3402 cum
735 3362 831 3426 poma
856 3360 996 3427 portant,
1035 3340 1114 3406 haec
1147 3339 1248 3427 paleis
1287 3337 1536 3413 admiscerent
1603 3347 1606 3356 ·

418 3453 455 3517 ad
482 3469 580 3518 terras
618 3452 722 3519 illaesa
761 3454 949 3540 perducant,
989 3475 1076 3522 recte
1112 3475 1239 3544 patrum
1274 3451 1536 3542 praecedentium

417 3563 484 3629 dies
509 3564 734 3632 describuntur
773 3566 912 3634 navibus
950 3590 1047 3655 poma
1072 3566 1273 3657 portantibus
1310 3561 1537 3649 similesssquia

415 3681 625 3765 antiquorum
650 3681 744 3761 dicta,
768 3685 802 3747 in
826 3704 867 3748 eo
894 3683 985 3770 quod
1009 3686 1162 3771 mysteria
1201 3678 1349 3769 spiritalis
1373 3682 1457 3745 vitae
1482 3676 1537 3743 de·

417 3786 576 3866 nuntiant,
601 3808 656 3872 per
679 3785 867 3854 interfusam
892 3788 978 3877 {haec
1019 3789 1168 3857 historiae
1207 3784 1358 3871 stipulam
1396 3798 1536 3860 servant,

394 3995 572 4009 ΙΙΙΙΙΙΙΙΙΙΙΙΙΙΙΙΙ
574 3999 620 4011 ΠΜ

413 4043 441 4105 1)
477 4038 614 4102 Mendose,
632 4055 660 4097 ut
692 4055 823 4113 putamus,
843 4042 871 4096 in
889 4042 944 4096 aliis
954 4043 1029 4097 editis
1042 4044 1144 4114 legitur.
1158 4043 1221 4096 unde
1238 4050 1261 4095 et
1279 4044 1420 4113 Redanptor
1439 4038 1523 4091 iisdem

429 4137 470 4190 vel
503 4138 593 4191 hisdem
612 4139 738 4210 discipulis
756 4140 822 4196 dicit
842 4142 871 4195 ln
888 4140 961 4196 MSS.
980 4157 1030 4210 pro
1047 4141 1131 4196 iisdem
1150 4140 1245 4212 legitur
1264 4140 1326 4193 idem
1338 4137 1387 4219 ‘vel
1405 4135 1488 4191 irum.

413 4236 443 4300 2)
481 4233 570 4287 Iohan.
590 4247 614 4298 4.
635 4235 675 4301 38.
1345 4237 1355 4256 ‘
