3909 5400
865 730 1098 809 *171—

414 887 531 977 quibus
566 886 739 975 gaudebat,
780 892 980 969 concutitur,
1017 888 1249 957 imbecillitatis
1284 912 1352 956 suae
1388 891 1554 962 debilitate
1642 948 1649 963 .

412 996 552 1081 cognita,
577 996 706 1087 inspe
731 991 838 1060 divini
867 993 1020 1062 adiutorii
1044 993 1206 1061 robustius
1229 995 1396 1063 solidetur.
1435 999 1553 1086 Fitque

417 1100 499 1168 mira
534 1096 776 1187 dispensatione
800 1100 938 1188 pietatis,
977 1118 1014 1166 ut
1038 1100 1124 1166 unde
1163 1099 1323 1188 malignus
1360 1102 1463 1169 hostis
1498 1123 1555 1168 cor

417 1228 538 1293 tentat,
561 1229 596 1278 ut
621 1213 797 1293 interimat3
829 1211 902 1280 inde
929 1214 1113 1279 misericors
1139 1213 1293 1282 conditor
1333 1213 1395 1282 hoc
1420 1213 1556 1295 erudiat,

420 1343 459 1391 ut
485 1328 582 1393 vivat.
609 1326 705 1394 Unde
729 1345 761 1392 et
787 1325 869 1392 bene
892 1325 1110 1414 subiungitur:

711 1540 722 1563 ”
839 1576 989 1644 cneus
1014 1576 1147 1642 xtvn.

658 1772 773 1853 Deus
801 1772 1122 1876 perseveratiam
1152 1770 1311 1852 tribuit.

513 1980 607 2067 Ecce
635 1984 824 2064 universo
852 1979 1119 2090 quaelubet,
1147 1981 1203 2060 im
1231 2007 1354 2061 manu
1397 1987 1468 2061 tua

603 2120 713 2195 sunt.-
743 2121 899 2195 tnnlum
928 2114 972 2193 in
1000 2140 1087 2194 eum
1115 2140 1162 2194 ne
1190 2108 1375 2194 extendas

830 2261 992 2315 muttum
1023 2241 1145 2315 lnam.

445 2442 591 2620 ἨΆΕ
614 2533 639 2596 si
663 2549 771 2616 aperte
795 2529 890 2596 dicat:
916 2528 1019 2596 Electi
1044 2531 1301 2617 uniuscuiusque
1337 2527 1422 2596 bona
1446 2533 1489 2595 sic
1514 2533 1554 2596 ti-

423 2645 455 2714 bi
479 2643 635 2712 tentanda
659 2645 803 2712 exterius
832 2641 952 2721 tribuo,
992 2660 1027 2708 ut
1051 2660 1160 2709 tamen
1194 2644 1264 2729 ipse
1301 2645 1441 2724 noveris,
1480 2647 1555 2731 quia

427 2778 691 2848 perseverantem
715 2756 794 2824 milri
818 2757 908 2824 illum
932 2758 965 2821 in
1004 2758 1123 2823 mentis
1159 2754 1264 2822 radice
1289 2776 1462 2821 conservo.
1498 2755 1554 2843 (r)

425 2866 490 2938 Ubi
515 2884 549 2934 et
574 2865 657 2932 bene
682 2862 840 2931 subditur:

865 3054 1018 3121 CAPUT
1053 3054 1162 3120 XLIX

576 3249 665 3332 Deo
694 3248 945 3350 moderante,
975 3245 1164 3328 diabolus
1194 3245 1397 3326 bonorum

689 3379 812 3460 corda
839 3404 967 3485 usquo
997 3378 1048 3459 ad
1078 3378 1295 3457 interitum

832 3540 914 3593 nun
944 3510 1148 3592 vulnerat.

545 3722 818 3829 Eoressusqno
845 3728 908 3801 esd
929 3727 1046 3800 solon
1075 3748 1101 3799 o
1128 3720 1231 3823 socie
1259 3718 1442 3800 Dorttini.

454 3964 650 4131 quUlA
674 4064 731 4130 per
756 4040 828 4121 hoc,
852 4039 939 4128 quod
965 4062 1065 4127 nsque
1089 4040 1128 4105 ad
1145 4039 1306 4106 defectum
1334 4038 1439 4108 cordis
1463 4062 1552 4129 prae·

468 4267 754 4281 unomen-unam·-

433 4314 461 4366 t)
498 4300 567 4356 Cod-
584 4301 684 4355 bessar.
703 4300 812 4355 correxit
831 4299 873 4353 nbi
894 4299 920 4351 in
940 4299 1010 4351 tund:
1022 4312 1046 4352 et
1066 4297 1143 4352 habet
1163 4294 1292 4368 uffirltnn.
