3909 5400
839 681 1096 761 ·-—787-
1170 726 1177 743 ·

415 839 440 903 si
465 835 628 924 quoddam
665 838 784 926 quippe
811 839 841 904 ei
880 860 919 904 ex
945 859 1049 924 poena
1087 834 1241 924 gandium
1278 837 1421 916 iacimus,
1464 857 1537 902 cum

414 969 604 1036 persancte
628 951 782 1020 desideria
806 974 864 1040 pto
888 954 956 1018 eius
992 974 1052 1018 nos
1075 974 1185 1019 amore
1209 953 1413 1038 castigamus.
1452 950 1537 1016 Hinc

415 1063 579 1132 Psalmista
602 1068 654 1133 ait:
674 1069 894 1136 «Constituite
912 1066 998 1134 diem
1022 1071 1203 1135 solemnem
1226 1069 1260 1134 in
1285 1066 1535 1154 confrequenta-

415 1179 570 1259 tionibuS,
588 1182 740 1270 usquead
755 1203 855 1253 cornu
872 1182 987 1250 altaris.
1005 1183 1279 1270 »(1)Solemnem
1298 1204 1436 1269 namque
1450 1181 1537 1248 diem

415 1294 559 1359 Domino
583 1297 615 1360 in
649 1295 972 1384 confrequentatione
1012 1297 1192 1377 constituit,
1227 1296 1368 1383 quisquis
1392 1318 1424 1361 se
1463 1297 1537 1361 assi-

415 1398 477 1464 due
501 1401 533 1463 in
558 1402 627 1466 eius
652 1399 809 1466 desiderio
822 1399 945 1487 affligit.
969 1402 1037 1478 Qui
1054 1402 1209 1466 nimirum
1226 1400 1442 1466 solemnitatis
1465 1399 1536 1465 dles

367 1530 372 1541 ¹
415 1524 516 1589 usque
540 1503 578 1569 ad
602 1504 707 1570 altaris
731 1527 833 1571 cornu
857 1504 947 1571 tendi
986 1506 1193 1591 praecipitur:
1218 1506 1293 1592 qnia
1330 1496 1455 1569 tamdiu
1480 1527 1536 1569 ue-

416 1629 501 1673 cesse
526 1627 574 1674 est
599 1628 633 1674 ut
658 1613 791 1698 quisque
815 1631 849 1675 se
873 1609 1001 1689 alliciat,
1026 1630 1195 1696 quousque
1220 1610 1259 1676 ad
1282 1611 1416 1695 superni
1439 1612 1538 1675 sacri·

414 1711 478 1778 ficii
502 1713 715 1795 altitudinem,
740 1714 771 1780 id
796 1733 843 1779 est
867 1713 905 1780 ad
929 1733 1060 1781 aeterna
1083 1713 1207 1800 gaudia,
1232 1717 1407 1799 pertingat.
1431 1715 1537 1779 Iustus

415 1828 512 1912 igitur
536 1831 594 1908 vir,
619 1830 692 1917 quia
715 1827 841 1916 impleri
874 1825 1073 1894 desiderium
1097 1849 1192 1893 suum
1227 1829 1358 1913 appetit,
1385 1848 1452 1890 non
1478 1824 1537 1890 dis-

415 1940 498 2022 serti,
523 1942 688 2009 humiliter
711 1942 798 2008 dicit:
826 1966 842 2003 r<
858 1942 934 2007 Non
958 1939 997 2005 de
1023 1941 1137 2026 poenis
1153 1941 1367 2004 innocentum
1391 1937 1534 2004 rideat.»

415 2054 465 2116 Ac
487 2050 511 2113 si
536 2048 682 2115 diceret:
721 2048 807 2115 Vota
842 2064 950 2112 nostra
973 2044 1111 2112 libenter
1149 2045 1336 2130 accipiens,
1360 2042 1445 2109 ultra
1469 2065 1535 2107 non

414 2161 547 2240 diflerat,
571 2161 626 2228 sed
660 2159 861 2229 ostendendo
885 2158 1034 2226 exhibeat
1071 2180 1159 2238 eum,
1184 2157 1238 2244 qui
1262 2179 1321 2223 nos
1359 2158 1392 2222 in
1417 2178 1475 2221 sua
1500 2178 1534 2221 e·

414 2270 618 2353 xpectation'e
643 2269 788 2354 castigat.
823 2266 909 2344 Quia
934 2286 1014 2332 vero
1037 2286 1113 2332 eum
1137 2262 1324 2350 specialiter,
1342 2259 1455 2328 beatus
1479 2260 1536 2327 lob

415 2371 519 2438 occidi
542 2372 641 2438 semel
666 2375 792 2458 petivit,
816 2373 873 2459 qui
909 2372 1012 2438 camis
1048 2368 1147 2436 solius
1184 2385 1327 2435 mortem
1352 2369 1384 2433 in
1423 2366 1537 2433 mundi

415 2499 474 2563 pro
499 2477 670 2544 nobisfine
694 2477 854 2554 toleravit,
880 2480 1032 2564 protinus
1056 2477 1170 2563 aperit,
1195 2474 1250 2562 qui
1275 2475 1381 2561 ipsum
1406 2494 1536 2560 quoque

414 2591 562 2659 ordinem
586 2595 654 2659 eius
676 2594 832 2680 passionis
857 2590 1015 2678 adiungit,
1039 2589 1160 2656 dicens:

813 2831 964 2900 CAPUT
994 2828 1138 2896 XXVlll

389 3137 395 3148 .
498 3070 657 3152 Christi
685 3096 778 3151 euro
807 3068 933 3174 impin
962 3065 1124 3147 diabolo
1153 3064 1318 3145 tradita.

505 3327 636 3410 Terra
663 3325 760 3407 clato
786 3331 842 3406 est
869 3326 915 3405 a'n
941 3349 1086 3405 motans
1114 3322 1231 3428 impii
1246 3386 1256 3425 ‚
1286 3318 1442 3400 uullnm
1470 3316 1532 3395 iu-

418 3461 549 3543 dieznn
577 3459 647 3563 (2)
684 3456 934 3563 ea'usssoporil.

440 3784 612 3950 erstem
648 3881 787 3947 namque
814 3877 917 3923 terrae
957 3854 1101 3932 nomine,
1125 3852 1186 3917 nisi
1211 3871 1285 3915 caro
1327 3845 1535 3932 exprimitur?

414 3982 483 4058 Qui
508 3975 722 4065 appellatione
747 3974 850 4059 impii,
875 3972 935 4036 nisi
962 3968 1108 4035 diabolus
1121 3962 1321 4052 designatur?
1349 3961 1452 4026 Huius
1479 3961 1535 4023 im·

417 4232 443 4294 r)
482 4228 666 4291 l's.117.27.
706 4253 739 4264 -
777 4224 806 4292 2)
826 4221 911 4279 Vatic.
931 4220 1060 4276 iudicium.
